3706 5976
611 555 653 603 nn
673 556 843 615 nunrovaa
862 555 1018 606 monnau.
1438 538 1485 610 23

149 742 302 827 10[Corp.
320 751 360 807 lX
383 767 412 807 n.
434 756 528 821 8086,
547 745 577 827 x]
617 750 715 808 Asculi
744 753 772 806 iu
801 751 884 806 alveo
907 750 1059 806 Castellani
1081 765 1145 819 rep.
1168 754 1203 806 to
1229 749 1308 819 Sept.
1332 752 1411 806 1817
1441 763 1488 803 me

190 859 219 909 et
241 853 312 910 lulio
335 854 492 912 Gabriellio
514 853 696 912 adstantibus
728 847 816 928 [nuno
839 852 988 924 municipii
1010 850 1148 908 Asculani
1169 851 1313 909 beneficio
1335 855 1364 906 in
1386 865 1488 906 museo

189 956 368 1013 Berolinensi
390 951 548 1034 n.'1327].
596 957 705 1014 Pendet
729 961 767 1013 38
791 971 835 1025 gr.

147 2942 219 2999 Tab.
234 2942 256 2996 V
274 2945 302 2999 1.
349 2941 496 3012 Descripsi
526 2946 555 2996 et
583 2954 671 3010 supra
701 2937 857 2994 delineavi.
905 2937 1078 2996 Gabriellius
1108 2945 1136 2996 et
1166 2955 1219 3010 ego
1247 2938 1391 2996 edidimus
1413 2939 1489 2995 Bull.

148 3045 214 3101 detl'
230 3046 300 3101 lust.
324 3048 402 3101 1871
428 3059 457 3112 ρ.
481 3047 552 3100 tto.

235 3181 345 3237 Glande
368 3195 463 3249 nuper
479 3179 575 3235 denuo
595 3178 681 3234 etiam
696 3183 784 3248 atque
806 3179 892 3233 etiam
909 3181 1068 3234 examinata
1091 3179 1246 3236 lectionem
1268 3182 1383 3251 repperi
1407 3195 1494 3250 supra

148 3291 411 3354 repraesentatam
440 3285 470 3338 in
493 3281 508 3338 b
530 3283 623 3354 prima
647 3287 676 3336 et
698 3282 781 3337 tertia
803 3281 909 3350 littera,
936 3298 1011 3352 quae
1028 3282 1120 3338 torma
1135 3284 1250 3338 cursiva
1265 3289 1333 3338 sunt
1348 3288 1492 3348 exaratae,

148 3387 300 3458 ambiguae
323 3393 390 3442 sunt
411 3387 553 3443 lectionis.
601 3383 682 3440 Siout
703 3385 733 3439 in
756 3383 900 3439 Perusinis
922 3385 1098 3454 quibusdam
1121 3385 1275 3457 glandibus
1301 3379 1387 3458 (inter
1401 3382 1496 3440 Ascu-

148 3489 228 3545 lanas
249 3489 323 3546 haec
346 3489 406 3546 sola
430 3495 474 3546 est
495 3491 525 3544 in
540 3493 677 3560 quattuor
697 3485 836 3543 lateribus
859 3482 1021 3566 inscripta),
1048 3492 1086 3546 ita
1107 3492 1136 3545 in
1151 3489 1207 3546 hac
1223 3491 1344 3546 tortasse
1360 3493 1497 3558 quattuor

148 3609 251 3648 versus
283 3580 506 3671 βουστροφηδὸν
534 3590 650 3662 legendi
684 3595 752 3646 sunt
784 3589 886 3646 ordine
919 3607 1008 3664 supra
1041 3592 1183 3661 indicato,
1221 3597 1254 3647 ut
1286 3597 1382 3647 tamen
1414 3592 1444 3646 in
1478 3591 1497 3645 d

148 3701 298 3751 exaratum
313 3697 350 3750 sit
365 3707 418 3749 ssu
434 3711 487 3765 pro
507 3707 570 3748 rsa.
604 3694 665 3751 lloc
687 3698 806 3751 secutus
828 3697 966 3764 temptavi
989 3696 1255 3766 interpretationem
1277 3693 1368 3750 hanc:
1394 3695 1440 3767 ser
1454 3721 1497 3731 -

148 3788 295 3874 satarum)
315 3823 358 3835 -
381 3786 538 3872 Pomffieitp
559 3823 602 3833 -
628 3787 713 3869 mar,
746 3795 916 3866 imperativo
945 3796 991 3868 fer
1021 3798 1050 3850 in
1081 3811 1169 3850 versu
1192 3796 1212 3852 d
1239 3811 1306 3852 cum
1328 3798 1357 3852 vi
1380 3797 1493 3851 iterato.
1550 3848 1553 3861 ,

148 3901 275 3956 Salutem
303 3900 381 3972 [erre
408 3897 533 3954 habetur
560 3912 605 3953 ex.
632 3913 676 3968 gr.
708 3897 787 3969 apud
810 3897 945 3956 Ovidium
973 3900 1060 3969 epist.
1089 3903 1137 3966 18,
1160 3903 1191 3954 t:
1226 3900 1313 3956 Mittit
1335 3898 1492 3970 Abydenus,
1549 3874 1557 3989 ἲ

149 4020 234 4076 quom
256 4002 340 4058 vellet
361 4003 448 4074 serre,
474 4000 607 4068 sulutem,
633 4000 671 4056 ci.
695 4001 859 4058 Gronovius
881 4001 967 4057 diatr.
999 4003 1029 4056 in
1059 4000 1180 4058 Statium
1207 4018 1271 4075 cap.
1301 4005 1351 4060 id.
1399 3999 1497 4058 Potest
1554 3996 1557 4007 '

148 4111 246 4162 autem
268 4105 341 4172 lieri,
368 4109 400 4159 ut
423 4103 544 4159 adversa
568 4119 635 4160 cum
657 4117 760 4158 aversa
782 4109 863 4174 pnite
885 4102 931 4159 bis
954 4104 1156 4175 coniungenda
1178 4105 1215 4161 sit
1238 4107 1267 4162 in
1284 4105 1362 4161 huno
1378 4103 1497 4162 modum

149 4227 183 4266 a:
216 4221 270 4266 ase
293 4201 306 4282 l
328 4221 359 4262 c:
392 4218 479 4263 uow
502 4213 530 4262 et
552 4207 588 4262 d:
621 4218 673 4262 aas
694 4199 708 4280 Χ
731 4204 762 4260 b:
795 4218 849 4261 sne
878 4199 1028 4284 (masi)
1056 4209 1077 4264 i.
1096 4224 1122 4264 e.
1155 4207 1277 4264 sortasse
1302 4199 1385 4284 ser&
1412 4207 1497 4263 Pom-

147 4303 286 4388 (peium);
311 4301 395 4386 sera)
417 4310 530 4364 Lus...
548 4351 554 4364 .
585 4301 632 4384 (an
654 4301 864 4382 Sulpicium‘l).

236 4447 412 4504 Garrucoius
436 4441 540 4500 Civiltd
555 4445 654 4502 cottol.
675 4445 702 4499 X
720 4449 736 4502 8
758 4438 862 4522 (1878)
883 4463 913 4519 p.
936 4450 995 4505 729
1019 4446 1131 4517 glandis
1149 4448 1235 4503 huius
1251 4452 1280 4502 et
1295 4463 1325 4502 n.
1349 4452 1396 4516 18,
1423 4463 1497 4518 quas

150 4565 206 4605 non
229 4547 317 4617 vidit,
350 4547 437 4604 tidem
461 4549 490 4604 in
512 4549 709 4621 suspicionem
731 4565 837 4605 vocare
861 4549 965 4606 tectius
988 4557 1108 4608 conatus
1132 4557 1192 4618 est;
1226 4551 1255 4608 id
1278 4551 1358 4622 quod
1381 4551 1497 4607 levitate

148 4668 269 4724 prorsus
298 4653 453 4709 temeraria
481 4665 536 4706 nec
566 4650 625 4708 ullo
656 4657 825 4722 argumento
855 4651 953 4709 addito
985 4653 1052 4710 lecit
1077 4670 1135 4712 non
1158 4653 1279 4712 idoneus
1300 4655 1348 4710 ille
1379 4653 1499 4726 quidem

148 4755 184 4810 de
207 4755 252 4810 his
275 4755 364 4812 rebus
388 4753 487 4823 iudex,
512 4755 622 4824 quippe
645 4755 696 4826 qui
718 4760 761 4812 tot
781 4754 901 4824 glandes
923 4757 1020 4826 falsas,
1046 4758 1115 4814 licet
1136 4760 1199 4830 ipse
1219 4757 1335 4826 viderit,
1360 4764 1393 4814 ut
1408 4753 1499 4812 'veras

149 4857 285 4914 ediderit,
331 4859 465 4915 Ceterum
488 4857 568 4930 glans
592 4860 621 4914 in
644 4873 746 4915 museo
769 4857 885 4928 publico
908 4864 1019 4930 prostat
1041 4867 1070 4917 et
1092 4862 1121 4917 in
1143 4860 1242 4918 tabula
1262 4861 1284 4916 V
1307 4865 1369 4916 arte
1391 4859 1499 4931 photo-

148 4959 254 5031 praphi
277 4961 372 5017 efficta
388 4967 442 5029 est,
468 4965 501 5016 ut
516 4977 591 5017 unus
606 4963 733 5032 quisque
755 4961 866 5032 peritus
884 4977 972 5032 quam
994 4963 1078 5034 longe
1093 4963 1169 5020 absit
1186 4963 1223 5020 ab
1239 4967 1318 5021 omni
1333 4963 1499 5034 suspicione

148 5063 316 5120 discernere
339 5066 442 5134 possit.
490 5065 550 5121 lloo
574 5063 665 5132 addo,
697 5061 751 5119 sub
774 5065 848 5119 meis
870 5065 962 5134 ipsius
985 5069 1091 5124 acriter
1112 5068 1215 5124 intanti
1237 5065 1329 5124 ooulis
1352 5071 1499 5137 repertam

148 5181 214 5223 esse
237 5166 275 5224 ab
297 5167 415 5224 homine
438 5169 499 5224 lere
523 5166 618 5233 nudo,
652 5167 735 5222 cuius
759 5166 832 5222 fides
855 5169 973 5224 minime
996 5177 1132 5242 suspecta
1156 5175 1232 5226 esset
1254 5171 1364 5240 quique
1387 5167 1499 5223 nullum

148 5284 245 5340 neque
271 5267 328 5326 sibi
353 5285 450 5341 neque
473 5270 521 5325 alii
550 5269 687 5340 cuiquam
714 5285 730 5326 a
757 5269 806 5325 tali
833 5269 934 5327 fraude
957 5279 1113 5345 expectare
1136 5278 1234 5345 posset
1257 5270 1496 5328 emolumentum.
