<?xml version="1.0" encoding="UTF-8"?>
<!DOCTYPE html PUBLIC "-//W3C//DTD XHTML 1.0 Transitional//EN"
    "http://www.w3.org/TR/xhtml1/DTD/xhtml1-transitional.dtd">
<html xmlns="http://www.w3.org/1999/xhtml" xml:lang="en" lang="en">
 <head>
  <title>
</title>
<meta http-equiv="Content-Type" content="text/html;charset=utf-8" />
  <meta name='ocr-system' content='tesseract 3.04.00' />
  <meta name='ocr-capabilities' content='ocr_page ocr_carea ocr_par ocr_line ocrx_word'/>
</head>
<body>
  <div class='ocr_page' id='page_1' title='image "./ephemerisepigra06instgoog_0139.png"; bbox 0 0 3502 5842; ppageno 0'>
   <div class='ocr_carea' id='block_1_1' title="bbox 286 446 1122 517">
    <p class='ocr_par' dir='ltr' id='par_1_1' title="bbox 286 446 1122 517">
     <span class='ocr_line' id='line_1_1' title="bbox 286 446 1122 517; baseline 0 -8"><span class='ocrx_word' id='word_1_1' title='bbox 286 446 334 517; x_wconf 82' lang='lat'><strong>90</strong></span> <span class='ocrx_word' id='word_1_2' title='bbox 792 458 949 508; x_wconf 80' lang='lat' dir='ltr'><strong>ausuras</strong></span> <span class='ocrx_word' id='word_1_3' title='bbox 968 459 1122 510; x_wconf 81' lang='grc'><strong>6111666.</strong></span> 
     </span>
    </p>
   </div>
   <div class='ocr_carea' id='block_1_2' title="bbox 250 645 1636 4656">
    <p class='ocr_par' dir='ltr' id='par_1_2' title="bbox 284 645 1635 1228">
     <span class='ocr_line' id='line_1_2' title="bbox 286 645 1634 715; baseline 0.002 -17"><span class='ocrx_word' id='word_1_4' title='bbox 286 652 382 698; x_wconf 87' lang='lat' dir='ltr'><strong>runtve</strong></span> <span class='ocrx_word' id='word_1_5' title='bbox 391 645 419 710; x_wconf 78' lang='grc'><strong>1),</strong></span> <span class='ocrx_word' id='word_1_6' title='bbox 443 661 531 712; x_wconf 90' lang='lat' dir='ltr'><strong>neque</strong></span> <span class='ocrx_word' id='word_1_7' title='bbox 551 651 634 698; x_wconf 89' lang='lat' dir='ltr'><strong>totam</strong></span> <span class='ocrx_word' id='word_1_8' title='bbox 653 647 722 698; x_wconf 90' lang='lat' dir='ltr'><strong>hanc</strong></span> <span class='ocrx_word' id='word_1_9' title='bbox 740 647 868 698; x_wconf 77' lang='lat' dir='ltr'><strong>falsarum</strong></span> <span class='ocrx_word' id='word_1_10' title='bbox 886 649 1004 713; x_wconf 88' lang='lat' dir='ltr'><strong>speciem</strong></span> <span class='ocrx_word' id='word_1_11' title='bbox 1027 651 1205 711; x_wconf 88' lang='lat' dir='ltr'><strong>agnoverunt,</strong></span> <span class='ocrx_word' id='word_1_12' title='bbox 1225 646 1252 696; x_wconf 95' lang='lat' dir='ltr'><strong>id</strong></span> <span class='ocrx_word' id='word_1_13' title='bbox 1272 649 1344 698; x_wconf 92' lang='lat' dir='ltr'><strong>enim</strong></span> <span class='ocrx_word' id='word_1_14' title='bbox 1363 647 1422 699; x_wconf 86' lang='lat' dir='ltr'><strong>fieri</strong></span> <span class='ocrx_word' id='word_1_15' title='bbox 1440 662 1494 699; x_wconf 91' lang='grc'><strong>666</strong></span> <span class='ocrx_word' id='word_1_16' title='bbox 1512 652 1634 715; x_wconf 87' lang='lat' dir='ltr'><strong>potuisse</strong></span> 
     </span>
     <span class='ocr_line' id='line_1_3' title="bbox 284 733 1632 799; baseline 0.002 -15"><span class='ocrx_word' id='word_1_17' title='bbox 284 737 500 785; x_wconf 83' lang='lat' dir='ltr'><strong>cousentaneum</strong></span> <span class='ocrx_word' id='word_1_18' title='bbox 518 737 559 783; x_wconf 91' lang='lat' dir='ltr'><strong>est</strong></span> <span class='ocrx_word' id='word_1_19' title='bbox 577 735 629 783; x_wconf 90' lang='lat' dir='ltr'><strong>nisi</strong></span> <span class='ocrx_word' id='word_1_20' title='bbox 653 735 721 798; x_wconf 90' lang='lat' dir='ltr'><strong>ipsis</strong></span> <span class='ocrx_word' id='word_1_21' title='bbox 740 733 885 797; x_wconf 80' lang='lat' dir='ltr'><strong>glandibus</strong></span> <span class='ocrx_word' id='word_1_22' title='bbox 909 735 1070 784; x_wconf 76' lang='lat' dir='ltr'><strong>examinatis</strong></span> <span class='ocrx_word' id='word_1_23' title='bbox 1088 738 1115 784; x_wconf 88' lang='lat' dir='ltr'><strong>ct</strong></span> <span class='ocrx_word' id='word_1_24' title='bbox 1132 733 1167 784; x_wconf 89' lang='lat' dir='ltr'><strong>ed</strong></span> <span class='ocrx_word' id='word_1_25' title='bbox 1185 735 1302 797; x_wconf 91' lang='lat' dir='ltr'><strong>genuina</strong></span> <span class='ocrx_word' id='word_1_26' title='bbox 1321 734 1486 799; x_wconf 89' lang='lat' dir='ltr'><strong>exemplaria</strong></span> <span class='ocrx_word' id='word_1_27' title='bbox 1504 740 1632 787; x_wconf 89' lang='lat' dir='ltr'><strong>accurate</strong></span> 
     </span>
     <span class='ocr_line' id='line_1_4' title="bbox 285 818 1633 886; baseline 0.001 -16"><span class='ocrx_word' id='word_1_28' title='bbox 285 822 394 873; x_wconf 82' lang='lat' dir='ltr'><strong>exactis.</strong></span> <span class='ocrx_word' id='word_1_29' title='bbox 434 821 485 871; x_wconf 88' lang='lat' dir='ltr'><strong>Sed</strong></span> <span class='ocrx_word' id='word_1_30' title='bbox 505 819 568 870; x_wconf 89' lang='lat' dir='ltr'><strong>inde</strong></span> <span class='ocrx_word' id='word_1_31' title='bbox 587 821 640 870; x_wconf 89' lang='lat' dir='ltr'><strong>boc</strong></span> <span class='ocrx_word' id='word_1_32' title='bbox 661 818 760 869; x_wconf 86' lang='lat' dir='ltr'><strong>lectum</strong></span> <span class='ocrx_word' id='word_1_33' title='bbox 780 824 829 883; x_wconf 91' lang='lat' dir='ltr'><strong>est,</strong></span> <span class='ocrx_word' id='word_1_34' title='bbox 850 823 882 870; x_wconf 92' lang='lat' dir='ltr'><strong>ut</strong></span> <span class='ocrx_word' id='word_1_35' title='bbox 900 819 1043 884; x_wconf 90' lang='lat' dir='ltr'><strong>hucusque</strong></span> <span class='ocrx_word' id='word_1_36' title='bbox 1056 833 1152 871; x_wconf 88' lang='lat' dir='ltr'><strong>ornnes</strong></span> <span class='ocrx_word' id='word_1_37' title='bbox 1170 819 1221 870; x_wconf 91' lang='lat' dir='ltr'><strong>has</strong></span> <span class='ocrx_word' id='word_1_38' title='bbox 1234 819 1356 883; x_wconf 80' lang='lat' dir='ltr'><strong>glandes,</strong></span> <span class='ocrx_word' id='word_1_39' title='bbox 1376 821 1457 870; x_wconf 87' lang='lat' dir='ltr'><strong>etiam</strong></span> <span class='ocrx_word' id='word_1_40' title='bbox 1476 822 1633 886; x_wconf 90' lang='lat' dir='ltr'><strong>suspicione</strong></span> 
     </span>
     <span class='ocr_line' id='line_1_5' title="bbox 284 904 1632 971; baseline 0.002 -17"><span class='ocrx_word' id='word_1_41' title='bbox 284 905 330 956; x_wconf 90' lang='lat' dir='ltr'><strong>illa</strong></span> <span class='ocrx_word' id='word_1_42' title='bbox 349 907 480 971; x_wconf 85' lang='lat' dir='ltr'><strong>seposita,</strong></span> <span class='ocrx_word' id='word_1_43' title='bbox 508 919 557 970; x_wconf 89' lang='lat' dir='ltr'><strong>pro</strong></span> <span class='ocrx_word' id='word_1_44' title='bbox 576 907 702 968; x_wconf 83' lang='lat' dir='ltr'><strong>genuinis</strong></span> <span class='ocrx_word' id='word_1_45' title='bbox 721 906 800 970; x_wconf 87' lang='lat' dir='ltr'><strong>vulgo</strong></span> <span class='ocrx_word' id='word_1_46' title='bbox 824 905 993 956; x_wconf 76' lang='lat' dir='ltr'><strong>haberentur</strong></span> <span class='ocrx_word' id='word_1_47' title='bbox 1011 906 1211 970; x_wconf 84' lang='lat' dir='ltr'><strong>ederenturque</strong></span> <span class='ocrx_word' id='word_1_48' title='bbox 1229 918 1283 955; x_wconf 92' lang='grc'><strong>666</strong></span> <span class='ocrx_word' id='word_1_49' title='bbox 1302 905 1389 956; x_wconf 87' lang='grc'><strong>66166</strong></span> <span class='ocrx_word' id='word_1_50' title='bbox 1409 904 1443 955; x_wconf 88' lang='lat' dir='ltr'><strong>ab</strong></span> <span class='ocrx_word' id='word_1_51' title='bbox 1461 907 1508 966; x_wconf 91' lang='lat' dir='ltr'><strong>iis,</strong></span> <span class='ocrx_word' id='word_1_52' title='bbox 1533 908 1580 970; x_wconf 93' lang='lat' dir='ltr'><strong>qui</strong></span> <span class='ocrx_word' id='word_1_53' title='bbox 1599 920 1632 958; x_wconf 82' lang='lat' dir='ltr'><strong>ex</strong></span> 
     </span>
     <span class='ocr_line' id='line_1_6' title="bbox 286 990 1635 1055; baseline 0.001 -13"><span class='ocrx_word' id='word_1_54' title='bbox 286 992 395 1042; x_wconf 91' lang='lat' dir='ltr'><strong>Minicio</strong></span> <span class='ocrx_word' id='word_1_55' title='bbox 424 994 579 1055; x_wconf 79' lang='lat' dir='ltr'><strong>repeterent</strong></span> <span class='ocrx_word' id='word_1_56' title='bbox 595 992 639 1042; x_wconf 83' lang='lat' dir='ltr'><strong>vel</strong></span> <span class='ocrx_word' id='word_1_57' title='bbox 663 996 737 1042; x_wconf 88' lang='lat' dir='ltr'><strong>cerie</strong></span> <span class='ocrx_word' id='word_1_58' title='bbox 761 1005 814 1041; x_wconf 93' lang='lat' dir='ltr'><strong>non</strong></span> <span class='ocrx_word' id='word_1_59' title='bbox 840 992 972 1042; x_wconf 88' lang='lat' dir='ltr'><strong>vidissent</strong></span> <span class='ocrx_word' id='word_1_60' title='bbox 998 991 1169 1053; x_wconf 84' lang='lat' dir='ltr'><strong>(liitschelio,</strong></span> <span class='ocrx_word' id='word_1_61' title='bbox 1195 990 1345 1051; x_wconf 88' lang='lat' dir='ltr'><strong>Fabrettio,</strong></span> <span class='ocrx_word' id='word_1_62' title='bbox 1371 990 1512 1054; x_wconf 83' lang='lat' dir='ltr'><strong>Florellio),</strong></span> <span class='ocrx_word' id='word_1_63' title='bbox 1538 1005 1635 1043; x_wconf 79' lang='lat' dir='ltr'><strong>rernm</strong></span> 
     </span>
     <span class='ocr_line' id='line_1_7' title="bbox 285 1077 1632 1142; baseline 0.001 -14"><span class='ocrx_word' id='word_1_64' title='bbox 285 1079 367 1128; x_wconf 89' lang='lat' dir='ltr'><strong>etiam</strong></span> <span class='ocrx_word' id='word_1_65' title='bbox 380 1077 415 1128; x_wconf 88' lang='lat' dir='ltr'><strong>ab</strong></span> <span class='ocrx_word' id='word_1_66' title='bbox 429 1078 471 1138; x_wconf 88' lang='lat' dir='ltr'><strong>iis,</strong></span> <span class='ocrx_word' id='word_1_67' title='bbox 492 1079 538 1141; x_wconf 91' lang='lat' dir='ltr'><strong>qui</strong></span> <span class='ocrx_word' id='word_1_68' title='bbox 558 1078 630 1142; x_wconf 90' lang='lat' dir='ltr'><strong>ipsas</strong></span> <span class='ocrx_word' id='word_1_69' title='bbox 648 1080 773 1137; x_wconf 89' lang='lat' dir='ltr'><strong>tractare,</strong></span> <span class='ocrx_word' id='word_1_70' title='bbox 794 1080 959 1138; x_wconf 85' lang='lat' dir='ltr'><strong>examinare,</strong></span> <span class='ocrx_word' id='word_1_71' title='bbox 981 1090 1044 1128; x_wconf 91' lang='lat' dir='ltr'><strong>cum</strong></span> <span class='ocrx_word' id='word_1_72' title='bbox 1058 1077 1174 1128; x_wconf 90' lang='lat' dir='ltr'><strong>sinceris</strong></span> <span class='ocrx_word' id='word_1_73' title='bbox 1187 1078 1273 1126; x_wconf 91' lang='lat' dir='ltr'><strong>musei</strong></span> <span class='ocrx_word' id='word_1_74' title='bbox 1292 1077 1459 1128; x_wconf 87' lang='lat' dir='ltr'><strong>Kircheriani</strong></span> <span class='ocrx_word' id='word_1_75' title='bbox 1473 1089 1632 1142; x_wconf 85' lang='lat' dir='ltr'><strong>comparere</strong></span> 
     </span>
     <span class='ocr_line' id='line_1_8' title="bbox 285 1163 851 1228; baseline 0 -14"><span class='ocrx_word' id='word_1_76' title='bbox 285 1167 405 1228; x_wconf 86' lang='lat' dir='ltr'><strong>possent,</strong></span> <span class='ocrx_word' id='word_1_77' title='bbox 426 1165 444 1214; x_wconf 95' lang='lat' dir='ltr'><strong>i.</strong></span> <span class='ocrx_word' id='word_1_78' title='bbox 459 1177 483 1214; x_wconf 93' lang='lat' dir='ltr'><strong>e.</strong></span> <span class='ocrx_word' id='word_1_79' title='bbox 499 1163 645 1213; x_wconf 87' lang='lat' dir='ltr'><strong>Garruccio</strong></span> <span class='ocrx_word' id='word_1_80' title='bbox 664 1167 691 1213; x_wconf 90' lang='lat' dir='ltr'><strong>el</strong></span> <span class='ocrx_word' id='word_1_81' title='bbox 708 1164 851 1227; x_wconf 89' lang='lat' dir='ltr'><strong>iluggiero.</strong></span> 
     </span>
    </p>

    <p class='ocr_par' dir='ltr' id='par_1_3' title="bbox 283 1248 1633 2599">
     <span class='ocr_line' id='line_1_9' title="bbox 354 1248 1631 1315; baseline 0 -15"><span class='ocrx_word' id='word_1_82' title='bbox 354 1250 440 1314; x_wconf 78' lang='lat' dir='ltr'><strong>Atque</strong></span> <span class='ocrx_word' id='word_1_83' title='bbox 453 1250 476 1299; x_wconf 93' lang='lat' dir='ltr'><strong>is</strong></span> <span class='ocrx_word' id='word_1_84' title='bbox 488 1249 599 1313; x_wconf 91' lang='lat' dir='ltr'><strong>quidem</strong></span> <span class='ocrx_word' id='word_1_85' title='bbox 612 1262 690 1300; x_wconf 87' lang='lat' dir='ltr'><strong>error</strong></span> <span class='ocrx_word' id='word_1_86' title='bbox 700 1248 766 1300; x_wconf 90' lang='lat' dir='ltr'><strong>huic</strong></span> <span class='ocrx_word' id='word_1_87' title='bbox 778 1249 929 1300; x_wconf 88' lang='lat' dir='ltr'><strong>studiorum</strong></span> <span class='ocrx_word' id='word_1_88' title='bbox 943 1250 1034 1314; x_wconf 88' lang='lat' dir='ltr'><strong>generi</strong></span> <span class='ocrx_word' id='word_1_89' title='bbox 1048 1262 1186 1300; x_wconf 89' lang='lat' dir='ltr'><strong>summum</strong></span> <span class='ocrx_word' id='word_1_90' title='bbox 1204 1249 1398 1300; x_wconf 87' lang='lat' dir='ltr'><strong>detrimentum</strong></span> <span class='ocrx_word' id='word_1_91' title='bbox 1412 1248 1510 1310; x_wconf 90' lang='lat' dir='ltr'><strong>intulit,</strong></span> <span class='ocrx_word' id='word_1_92' title='bbox 1530 1251 1631 1315; x_wconf 86' lang='lat' dir='ltr'><strong>quippe</strong></span> 
     </span>
     <span class='ocr_line' id='line_1_10' title="bbox 286 1334 1633 1401; baseline -0.001 -15"><span class='ocrx_word' id='word_1_93' title='bbox 286 1349 341 1400; x_wconf 93' lang='lat' dir='ltr'><strong>quo</strong></span> <span class='ocrx_word' id='word_1_94' title='bbox 359 1337 506 1401; x_wconf 88' lang='lat' dir='ltr'><strong>praecipue</strong></span> <span class='ocrx_word' id='word_1_95' title='bbox 531 1334 655 1385; x_wconf 81' lang='lat' dir='ltr'><strong>ellectum</strong></span> <span class='ocrx_word' id='word_1_96' title='bbox 674 1337 719 1398; x_wconf 93' lang='lat' dir='ltr'><strong>sit,</strong></span> <span class='ocrx_word' id='word_1_97' title='bbox 744 1339 775 1386; x_wconf 87' lang='lat' dir='ltr'><strong>ut</strong></span> <span class='ocrx_word' id='word_1_98' title='bbox 793 1335 1018 1386; x_wconf 85' lang='lat' dir='ltr'><strong>Vincenziniauae</strong></span> <span class='ocrx_word' id='word_1_99' title='bbox 1041 1334 1167 1397; x_wconf 75' lang='lat' dir='ltr'><strong>fraudes,</strong></span> <span class='ocrx_word' id='word_1_100' title='bbox 1190 1335 1309 1400; x_wconf 89' lang='lat' dir='ltr'><strong>primum</strong></span> <span class='ocrx_word' id='word_1_101' title='bbox 1334 1335 1360 1384; x_wconf 91' lang='lat' dir='ltr'><strong>in</strong></span> <span class='ocrx_word' id='word_1_102' title='bbox 1386 1347 1480 1384; x_wconf 85' lang='lat' dir='ltr'><strong>musea</strong></span> <span class='ocrx_word' id='word_1_103' title='bbox 1505 1347 1563 1385; x_wconf 89' lang='lat' dir='ltr'><strong>sese</strong></span> <span class='ocrx_word' id='word_1_104' title='bbox 1590 1337 1633 1385; x_wconf 90' lang='lat' dir='ltr'><strong>in·</strong></span> 
     </span>
     <span class='ocr_line' id='line_1_11' title="bbox 284 1419 1631 1486; baseline 0 -15"><span class='ocrx_word' id='word_1_105' title='bbox 284 1423 437 1482; x_wconf 90' lang='lat' dir='ltr'><strong>sinuautes,</strong></span> <span class='ocrx_word' id='word_1_106' title='bbox 466 1435 528 1472; x_wconf 87' lang='lat' dir='ltr'><strong>mox</strong></span> <span class='ocrx_word' id='word_1_107' title='bbox 547 1423 574 1471; x_wconf 94' lang='lat' dir='ltr'><strong>in</strong></span> <span class='ocrx_word' id='word_1_108' title='bbox 593 1420 761 1472; x_wconf 88' lang='lat' dir='ltr'><strong>editionibus</strong></span> <span class='ocrx_word' id='word_1_109' title='bbox 779 1434 888 1486; x_wconf 93' lang='lat' dir='ltr'><strong>quoque</strong></span> <span class='ocrx_word' id='word_1_110' title='bbox 905 1422 1086 1484; x_wconf 91' lang='lat' dir='ltr'><strong>genuinarum</strong></span> <span class='ocrx_word' id='word_1_111' title='bbox 1108 1423 1249 1485; x_wconf 88' lang='lat' dir='ltr'><strong>receptae,</strong></span> <span class='ocrx_word' id='word_1_112' title='bbox 1275 1419 1395 1470; x_wconf 90' lang='lat' dir='ltr'><strong>tamdiu</strong></span> <span class='ocrx_word' id='word_1_113' title='bbox 1415 1423 1456 1470; x_wconf 91' lang='lat' dir='ltr'><strong>lot</strong></span> <span class='ocrx_word' id='word_1_114' title='bbox 1473 1420 1631 1471; x_wconf 92' lang='lat' dir='ltr'><strong>hominibus</strong></span> 
     </span>
     <span class='ocr_line' id='line_1_12' title="bbox 286 1505 1630 1572; baseline 0.001 -17"><span class='ocrx_word' id='word_1_115' title='bbox 286 1506 375 1557; x_wconf 91' lang='lat' dir='ltr'><strong>doctis</strong></span> <span class='ocrx_word' id='word_1_116' title='bbox 394 1508 533 1570; x_wconf 86' lang='lat' dir='ltr'><strong>imponere</strong></span> <span class='ocrx_word' id='word_1_117' title='bbox 551 1509 672 1572; x_wconf 88' lang='lat' dir='ltr'><strong>possent.</strong></span> <span class='ocrx_word' id='word_1_118' title='bbox 710 1505 846 1558; x_wconf 83' lang='lat' dir='ltr'><strong>Falsarius</strong></span> <span class='ocrx_word' id='word_1_119' title='bbox 869 1507 942 1557; x_wconf 92' lang='lat' dir='ltr'><strong>enim</strong></span> <span class='ocrx_word' id='word_1_120' title='bbox 965 1519 1027 1558; x_wconf 88' lang='lat' dir='ltr'><strong>cum</strong></span> <span class='ocrx_word' id='word_1_121' title='bbox 1051 1507 1148 1571; x_wconf 92' lang='lat' dir='ltr'><strong>primis</strong></span> <span class='ocrx_word' id='word_1_122' title='bbox 1171 1507 1250 1556; x_wconf 90' lang='lat' dir='ltr'><strong>annis</strong></span> <span class='ocrx_word' id='word_1_123' title='bbox 1275 1507 1465 1570; x_wconf 86' lang='lat' dir='ltr'><strong>inscriptiones</strong></span> <span class='ocrx_word' id='word_1_124' title='bbox 1488 1520 1502 1556; x_wconf 90' lang='lat' dir='ltr'><strong>a</strong></span> <span class='ocrx_word' id='word_1_125' title='bbox 1522 1506 1630 1557; x_wconf 91' lang='lat' dir='ltr'><strong>Minicio</strong></span> 
     </span>
     <span class='ocr_line' id='line_1_13' title="bbox 284 1591 1628 1658; baseline 0.001 -17"><span class='ocrx_word' id='word_1_126' title='bbox 284 1591 378 1657; x_wconf 66' lang='lat' dir='ltr'><strong>editas}</strong></span> <span class='ocrx_word' id='word_1_127' title='bbox 395 1591 451 1643; x_wconf 90' lang='grc'><strong>1616</strong></span> <span class='ocrx_word' id='word_1_128' title='bbox 469 1593 540 1644; x_wconf 88' lang='grc'><strong>66166</strong></span> <span class='ocrx_word' id='word_1_129' title='bbox 565 1594 593 1643; x_wconf 92' lang='grc'><strong>16</strong></span> <span class='ocrx_word' id='word_1_130' title='bbox 611 1594 670 1644; x_wconf 86' lang='grc'><strong>6616</strong></span> <span class='ocrx_word' id='word_1_131' title='bbox 687 1592 832 1657; x_wconf 88' lang='lat' dir='ltr'><strong>glandibus</strong></span> <span class='ocrx_word' id='word_1_132' title='bbox 851 1594 1000 1658; x_wconf 90' lang='lat' dir='ltr'><strong>repeteret,</strong></span> <span class='ocrx_word' id='word_1_133' title='bbox 1020 1592 1249 1643; x_wconf 87' lang='lat' dir='ltr'><strong>Vincenzinianae</strong></span> <span class='ocrx_word' id='word_1_134' title='bbox 1267 1591 1382 1642; x_wconf 86' lang='lat' dir='ltr'><strong>obeam</strong></span> <span class='ocrx_word' id='word_1_135' title='bbox 1401 1594 1488 1657; x_wconf 90' lang='lat' dir='ltr'><strong>ipsam</strong></span> <span class='ocrx_word' id='word_1_136' title='bbox 1508 1605 1628 1652; x_wconf 89' lang='lat' dir='ltr'><strong>causam,</strong></span> 
     </span>
     <span class='ocr_line' id='line_1_14' title="bbox 285 1677 1630 1744; baseline 0.001 -16"><span class='ocrx_word' id='word_1_137' title='bbox 285 1678 359 1741; x_wconf 93' lang='lat' dir='ltr'><strong>quod</strong></span> <span class='ocrx_word' id='word_1_138' title='bbox 383 1680 545 1730; x_wconf 86' lang='lat' dir='ltr'><strong>Miniciauae</strong></span> <span class='ocrx_word' id='word_1_139' title='bbox 568 1679 650 1743; x_wconf 86' lang='lat' dir='ltr'><strong>vulgo</strong></span> <span class='ocrx_word' id='word_1_140' title='bbox 676 1680 801 1744; x_wconf 86' lang='lat' dir='ltr'><strong>receptae</strong></span> <span class='ocrx_word' id='word_1_141' title='bbox 824 1680 852 1728; x_wconf 89' lang='lat' dir='ltr'><strong>et</strong></span> <span class='ocrx_word' id='word_1_142' title='bbox 874 1677 1003 1744; x_wconf 90' lang='lat' dir='ltr'><strong>probatae</strong></span> <span class='ocrx_word' id='word_1_143' title='bbox 1031 1682 1131 1738; x_wconf 84' lang='lat' dir='ltr'><strong>essent,</strong></span> <span class='ocrx_word' id='word_1_144' title='bbox 1160 1678 1294 1742; x_wconf 85' lang='lat' dir='ltr'><strong>genuinae</strong></span> <span class='ocrx_word' id='word_1_145' title='bbox 1321 1690 1381 1729; x_wconf 90' lang='lat' dir='ltr'><strong>esse</strong></span> <span class='ocrx_word' id='word_1_146' title='bbox 1399 1677 1630 1729; x_wconf 86' lang='lat' dir='ltr'><strong>existimabantur.</strong></span> 
     </span>
     <span class='ocr_line' id='line_1_15' title="bbox 284 1763 1630 1830; baseline 0.002 -18"><span class='ocrx_word' id='word_1_147' title='bbox 284 1763 402 1814; x_wconf 81' lang='lat' dir='ltr'><strong>l&#39;lterius</strong></span> <span class='ocrx_word' id='word_1_148' title='bbox 420 1764 489 1815; x_wconf 90' lang='lat' dir='ltr'><strong>adeo</strong></span> <span class='ocrx_word' id='word_1_149' title='bbox 511 1778 673 1830; x_wconf 89' lang='lat' dir='ltr'><strong>progressus</strong></span> <span class='ocrx_word' id='word_1_150' title='bbox 690 1765 835 1829; x_wconf 79' lang='lat' dir='ltr'><strong>Bergidae,</strong></span> <span class='ocrx_word' id='word_1_151' title='bbox 861 1764 928 1816; x_wconf 92' lang='lat' dir='ltr'><strong>dum</strong></span> <span class='ocrx_word' id='word_1_152' title='bbox 946 1764 1175 1816; x_wconf 85' lang='lat' dir='ltr'><strong>Vincenzinianas</strong></span> <span class='ocrx_word' id='word_1_153' title='bbox 1192 1763 1358 1826; x_wconf 86' lang='lat' dir='ltr'><strong>Desjardinii</strong></span> <span class='ocrx_word' id='word_1_154' title='bbox 1375 1763 1487 1828; x_wconf 90' lang='lat' dir='ltr'><strong>quidem</strong></span> <span class='ocrx_word' id='word_1_155' title='bbox 1510 1764 1630 1825; x_wconf 88' lang='lat' dir='ltr'><strong>damnat,</strong></span> 
     </span>
     <span class='ocr_line' id='line_1_16' title="bbox 285 1848 1628 1913; baseline 0.002 -15"><span class='ocrx_word' id='word_1_156' title='bbox 285 1853 312 1898; x_wconf 91' lang='lat' dir='ltr'><strong>at</strong></span> <span class='ocrx_word' id='word_1_157' title='bbox 335 1862 400 1900; x_wconf 90' lang='lat' dir='ltr'><strong>suas</strong></span> <span class='ocrx_word' id='word_1_158' title='bbox 424 1863 478 1901; x_wconf 94' lang='lat' dir='ltr'><strong>non</strong></span> <span class='ocrx_word' id='word_1_159' title='bbox 503 1853 595 1901; x_wconf 91' lang='lat' dir='ltr'><strong>minus</strong></span> <span class='ocrx_word' id='word_1_160' title='bbox 617 1850 843 1902; x_wconf 87' lang='lat' dir='ltr'><strong>Vincenzinianas</strong></span> <span class='ocrx_word' id='word_1_161' title='bbox 870 1852 965 1901; x_wconf 87' lang='lat' dir='ltr'><strong>censet</strong></span> <span class='ocrx_word' id='word_1_162' title='bbox 989 1863 1048 1902; x_wconf 91' lang='lat' dir='ltr'><strong>esse</strong></span> <span class='ocrx_word' id='word_1_163' title='bbox 1076 1852 1213 1912; x_wconf 89' lang='lat' dir='ltr'><strong>sinceras,</strong></span> <span class='ocrx_word' id='word_1_164' title='bbox 1242 1848 1464 1912; x_wconf 72' lang='lat' dir='ltr'><strong>Mommsenumll</strong></span> <span class='ocrx_word' id='word_1_165' title='bbox 1496 1850 1628 1913; x_wconf 88' lang='lat' dir='ltr'><strong>quasdam</strong></span> 
     </span>
     <span class='ocr_line' id='line_1_17' title="bbox 284 1935 1630 2002; baseline 0.002 -17"><span class='ocrx_word' id='word_1_166' title='bbox 284 1935 397 1997; x_wconf 87' lang='lat' dir='ltr'><strong>glandes</strong></span> <span class='ocrx_word' id='word_1_167' title='bbox 415 1949 557 2001; x_wconf 87' lang='lat' dir='ltr'><strong>perperam</strong></span> <span class='ocrx_word' id='word_1_168' title='bbox 576 1937 603 1986; x_wconf 93' lang='lat' dir='ltr'><strong>in</strong></span> <span class='ocrx_word' id='word_1_169' title='bbox 621 1937 807 2002; x_wconf 85' lang='lat' dir='ltr'><strong>suspicionem</strong></span> <span class='ocrx_word' id='word_1_170' title='bbox 826 1949 939 1987; x_wconf 87' lang='lat' dir='ltr'><strong>vocasse</strong></span> <span class='ocrx_word' id='word_1_171' title='bbox 958 1935 1099 1987; x_wconf 88' lang='lat' dir='ltr'><strong>contendit</strong></span> <span class='ocrx_word' id='word_1_172' title='bbox 1116 1935 1251 1987; x_wconf 89' lang='lat' dir='ltr'><strong>eiusmodi</strong></span> <span class='ocrx_word' id='word_1_173' title='bbox 1276 1948 1418 1987; x_wconf 90' lang='lat' dir='ltr'><strong>censuram</strong></span> <span class='ocrx_word' id='word_1_174' title='bbox 1437 1948 1491 1985; x_wconf 92' lang='lat' dir='ltr'><strong>non</strong></span> <span class='ocrx_word' id='word_1_175' title='bbox 1513 1937 1572 1987; x_wconf 89' lang='lat' dir='ltr'><strong>sine</strong></span> <span class='ocrx_word' id='word_1_176' title='bbox 1591 1937 1630 1988; x_wconf 89' lang='lat' dir='ltr'><strong>ira</strong></span> 
     </span>
     <span class='ocr_line' id='line_1_18' title="bbox 284 2021 1629 2088; baseline 0.002 -19"><span class='ocrx_word' id='word_1_177' title='bbox 284 2021 441 2085; x_wconf 87' lang='lat' dir='ltr'><strong>vituperans</strong></span> <span class='ocrx_word' id='word_1_178' title='bbox 469 2021 577 2084; x_wconf 75' lang='lat' dir='ltr'><strong>(annali.</strong></span> <span class='ocrx_word' id='word_1_179' title='bbox 597 2022 748 2083; x_wconf 81' lang='grc'><strong>11116666,</strong></span> <span class='ocrx_word' id='word_1_180' title='bbox 772 2026 852 2082; x_wconf 81' lang='grc'><strong>4876,</strong></span> <span class='ocrx_word' id='word_1_181' title='bbox 877 2036 903 2088; x_wconf 91' lang='lat' dir='ltr'><strong>p.</strong></span> <span class='ocrx_word' id='word_1_182' title='bbox 923 2025 938 2071; x_wconf 75' lang='grc'><strong>8</strong></span> <span class='ocrx_word' id='word_1_183' title='bbox 957 2035 1016 2086; x_wconf 86' lang='lat' dir='ltr'><strong>sqq.</strong></span> <span class='ocrx_word' id='word_1_184' title='bbox 1035 2042 1067 2065; x_wconf 90' lang='lat'><em>=</em></span> <span class='ocrx_word' id='word_1_185' title='bbox 1088 2022 1361 2086; x_wconf 73' lang='grc'><strong>66646666166666116</strong></span> <span class='ocrx_word' id='word_1_186' title='bbox 1380 2025 1445 2072; x_wconf 83' lang='grc'><strong>4876</strong></span> <span class='ocrx_word' id='word_1_187' title='bbox 1465 2035 1490 2086; x_wconf 91' lang='lat' dir='ltr'><strong>p.</strong></span> <span class='ocrx_word' id='word_1_188' title='bbox 1505 2024 1536 2072; x_wconf 84' lang='grc'><strong>48</strong></span> <span class='ocrx_word' id='word_1_189' title='bbox 1550 2025 1629 2086; x_wconf 79' lang='lat' dir='ltr'><strong>sqq.)3</strong></span> 
     </span>
     <span class='ocr_line' id='line_1_19' title="bbox 284 2107 1626 2174; baseline 0.001 -18"><span class='ocrx_word' id='word_1_190' title='bbox 284 2108 311 2156; x_wconf 92' lang='lat' dir='ltr'><strong>in</strong></span> <span class='ocrx_word' id='word_1_191' title='bbox 336 2120 390 2170; x_wconf 91' lang='lat' dir='ltr'><strong>qua</strong></span> <span class='ocrx_word' id='word_1_192' title='bbox 414 2121 445 2158; x_wconf 91' lang='grc'><strong>16</strong></span> <span class='ocrx_word' id='word_1_193' title='bbox 469 2109 575 2171; x_wconf 86' lang='lat' dir='ltr'><strong>egregie</strong></span> <span class='ocrx_word' id='word_1_194' title='bbox 594 2109 737 2171; x_wconf 73' lang='lat' dir='ltr'><strong>Berginium</strong></span> <span class='ocrx_word' id='word_1_195' title='bbox 762 2109 873 2172; x_wconf 91' lang='lat' dir='ltr'><strong>quidem</strong></span> <span class='ocrx_word' id='word_1_196' title='bbox 898 2107 995 2159; x_wconf 87' lang='lat' dir='ltr'><strong>laisum</strong></span> <span class='ocrx_word' id='word_1_197' title='bbox 1021 2121 1082 2159; x_wconf 88' lang='lat' dir='ltr'><strong>esse</strong></span> <span class='ocrx_word' id='word_1_198' title='bbox 1107 2123 1140 2160; x_wconf 85' lang='lat' dir='ltr'><strong>ex</strong></span> <span class='ocrx_word' id='word_1_199' title='bbox 1163 2110 1210 2169; x_wconf 89' lang='lat' dir='ltr'><strong>iis,</strong></span> <span class='ocrx_word' id='word_1_200' title='bbox 1237 2122 1307 2173; x_wconf 88' lang='lat' dir='ltr'><strong>quae</strong></span> <span class='ocrx_word' id='word_1_201' title='bbox 1332 2122 1414 2174; x_wconf 90' lang='lat' dir='ltr'><strong>supra</strong></span> <span class='ocrx_word' id='word_1_202' title='bbox 1432 2107 1626 2170; x_wconf 89' lang='lat' dir='ltr'><strong>demonstravi,</strong></span> 
     </span>
     <span class='ocr_line' id='line_1_20' title="bbox 284 2193 1632 2258; baseline 0.001 -16"><span class='ocrx_word' id='word_1_203' title='bbox 284 2195 411 2258; x_wconf 78' lang='lat' dir='ltr'><strong>apparet3</strong></span> <span class='ocrx_word' id='word_1_204' title='bbox 438 2206 501 2243; x_wconf 90' lang='lat' dir='ltr'><strong>nam</strong></span> <span class='ocrx_word' id='word_1_205' title='bbox 527 2197 631 2244; x_wconf 90' lang='lat' dir='ltr'><strong>tautum</strong></span> <span class='ocrx_word' id='word_1_206' title='bbox 655 2193 746 2255; x_wconf 88' lang='lat' dir='ltr'><strong>abest,</strong></span> <span class='ocrx_word' id='word_1_207' title='bbox 774 2198 803 2244; x_wconf 94' lang='lat' dir='ltr'><strong>ut</strong></span> <span class='ocrx_word' id='word_1_208' title='bbox 826 2195 910 2245; x_wconf 90' lang='lat' dir='ltr'><strong>nimia</strong></span> <span class='ocrx_word' id='word_1_209' title='bbox 933 2193 1014 2245; x_wconf 89' lang='lat' dir='ltr'><strong>inerit</strong></span> <span class='ocrx_word' id='word_1_210' title='bbox 1035 2196 1196 2246; x_wconf 90' lang='lat' dir='ltr'><strong>Mommseni</strong></span> <span class='ocrx_word' id='word_1_211' title='bbox 1222 2207 1352 2255; x_wconf 89' lang='grc'><strong>6666616,</strong></span> <span class='ocrx_word' id='word_1_212' title='bbox 1380 2197 1410 2244; x_wconf 91' lang='grc'><strong>64</strong></span> <span class='ocrx_word' id='word_1_213' title='bbox 1433 2195 1515 2244; x_wconf 84' lang='grc'><strong>61166</strong></span> <span class='ocrx_word' id='word_1_214' title='bbox 1539 2193 1632 2258; x_wconf 87' lang='lat' dir='ltr'><strong>plures</strong></span> 
     </span>
     <span class='ocr_line' id='line_1_21' title="bbox 284 2278 1630 2344; baseline 0.001 -17"><span class='ocrx_word' id='word_1_215' title='bbox 284 2278 453 2330; x_wconf 90' lang='lat' dir='ltr'><strong>damnandas</strong></span> <span class='ocrx_word' id='word_1_216' title='bbox 479 2292 539 2329; x_wconf 88' lang='lat' dir='ltr'><strong>esse</strong></span> <span class='ocrx_word' id='word_1_217' title='bbox 562 2281 701 2344; x_wconf 86' lang='lat' dir='ltr'><strong>totamque</strong></span> <span class='ocrx_word' id='word_1_218' title='bbox 724 2279 796 2330; x_wconf 90' lang='lat' dir='ltr'><strong>banc</strong></span> <span class='ocrx_word' id='word_1_219' title='bbox 819 2282 919 2330; x_wconf 87' lang='lat' dir='ltr'><strong>seriem</strong></span> <span class='ocrx_word' id='word_1_220' title='bbox 947 2278 1056 2331; x_wconf 85' lang='lat' dir='ltr'><strong>leiserio</strong></span> <span class='ocrx_word' id='word_1_221' title='bbox 1081 2280 1176 2332; x_wconf 89' lang='lat' dir='ltr'><strong>deberi</strong></span> <span class='ocrx_word' id='word_1_222' title='bbox 1205 2283 1258 2330; x_wconf 90' lang='lat' dir='ltr'><strong>lam</strong></span> <span class='ocrx_word' id='word_1_223' title='bbox 1287 2282 1403 2331; x_wconf 87' lang='lat' dir='ltr'><strong>constet.</strong></span> <span class='ocrx_word' id='word_1_224' title='bbox 1447 2278 1512 2329; x_wconf 88' lang='lat' dir='ltr'><strong>lude</strong></span> <span class='ocrx_word' id='word_1_225' title='bbox 1540 2283 1630 2329; x_wconf 88' lang='lat' dir='ltr'><strong>autern</strong></span> 
     </span>
     <span class='ocr_line' id='line_1_22' title="bbox 283 2364 1632 2430; baseline 0.001 -17"><span class='ocrx_word' id='word_1_226' title='bbox 283 2365 416 2428; x_wconf 87' lang='lat' dir='ltr'><strong>sequitur,</strong></span> <span class='ocrx_word' id='word_1_227' title='bbox 437 2377 507 2428; x_wconf 90' lang='lat' dir='ltr'><strong>quae</strong></span> <span class='ocrx_word' id='word_1_228' title='bbox 525 2376 569 2415; x_wconf 90' lang='lat' dir='ltr'><strong>ras</strong></span> <span class='ocrx_word' id='word_1_229' title='bbox 587 2367 699 2416; x_wconf 87' lang='lat' dir='ltr'><strong>maximi</strong></span> <span class='ocrx_word' id='word_1_230' title='bbox 717 2369 759 2416; x_wconf 90' lang='lat' dir='ltr'><strong>est</strong></span> <span class='ocrx_word' id='word_1_231' title='bbox 777 2367 924 2428; x_wconf 87' lang='lat' dir='ltr'><strong>momenti,</strong></span> <span class='ocrx_word' id='word_1_232' title='bbox 944 2369 976 2416; x_wconf 91' lang='lat' dir='ltr'><strong>ut</strong></span> <span class='ocrx_word' id='word_1_233' title='bbox 993 2379 1088 2418; x_wconf 89' lang='lat' dir='ltr'><strong>omnes</strong></span> <span class='ocrx_word' id='word_1_234' title='bbox 1107 2366 1169 2418; x_wconf 91' lang='lat' dir='ltr'><strong>illae</strong></span> <span class='ocrx_word' id='word_1_235' title='bbox 1188 2365 1314 2430; x_wconf 86' lang='lat' dir='ltr'><strong>glandes,</strong></span> <span class='ocrx_word' id='word_1_236' title='bbox 1341 2365 1443 2429; x_wconf 90' lang='lat' dir='ltr'><strong>quibus</strong></span> <span class='ocrx_word' id='word_1_237' title='bbox 1461 2364 1570 2416; x_wconf 89' lang='lat' dir='ltr'><strong>caedem</strong></span> <span class='ocrx_word' id='word_1_238' title='bbox 1589 2366 1632 2414; x_wconf 91' lang='lat' dir='ltr'><strong>iu-</strong></span> 
     </span>
     <span class='ocr_line' id='line_1_23' title="bbox 283 2450 1629 2518; baseline 0.001 -19"><span class='ocrx_word' id='word_1_239' title='bbox 283 2451 446 2513; x_wconf 89' lang='lat' dir='ltr'><strong>scriptiones</strong></span> <span class='ocrx_word' id='word_1_240' title='bbox 470 2453 510 2500; x_wconf 88' lang='lat' dir='ltr'><strong>tot</strong></span> <span class='ocrx_word' id='word_1_241' title='bbox 532 2450 734 2516; x_wconf 83' lang='lat' dir='ltr'><strong>exemplaribus</strong></span> <span class='ocrx_word' id='word_1_242' title='bbox 758 2451 933 2512; x_wconf 88' lang='lat' dir='ltr'><strong>exhibentur,</strong></span> <span class='ocrx_word' id='word_1_243' title='bbox 960 2464 1014 2501; x_wconf 91' lang='lat' dir='ltr'><strong>non</strong></span> <span class='ocrx_word' id='word_1_244' title='bbox 1038 2454 1145 2518; x_wconf 90' lang='lat' dir='ltr'><strong>possint</strong></span> <span class='ocrx_word' id='word_1_245' title='bbox 1167 2452 1318 2503; x_wconf 88' lang='lat' dir='ltr'><strong>Minicianis</strong></span> <span class='ocrx_word' id='word_1_246' title='bbox 1342 2450 1423 2502; x_wconf 83' lang='lat' dir='ltr'><strong>fidem</strong></span> <span class='ocrx_word' id='word_1_247' title='bbox 1442 2463 1563 2502; x_wconf 87' lang='lat' dir='ltr'><strong>asserere</strong></span> <span class='ocrx_word' id='word_1_248' title='bbox 1582 2451 1629 2501; x_wconf 90' lang='lat' dir='ltr'><strong>sed</strong></span> 
     </span>
     <span class='ocr_line' id='line_1_24' title="bbox 284 2534 809 2599; baseline 0.008 -14"><span class='ocrx_word' id='word_1_249' title='bbox 284 2535 360 2599; x_wconf 89' lang='lat' dir='ltr'><strong>ipsae</strong></span> <span class='ocrx_word' id='word_1_250' title='bbox 379 2537 434 2586; x_wconf 91' lang='lat' dir='ltr'><strong>sint</strong></span> <span class='ocrx_word' id='word_1_251' title='bbox 451 2534 556 2586; x_wconf 77' lang='lat' dir='ltr'><strong>fraudis</strong></span> <span class='ocrx_word' id='word_1_252' title='bbox 574 2536 809 2590; x_wconf 88' lang='lat' dir='ltr'><strong>condemnandae.</strong></span> 
     </span>
    </p>

    <p class='ocr_par' dir='ltr' id='par_1_4' title="bbox 283 2620 1634 3797">
     <span class='ocr_line' id='line_1_25' title="bbox 353 2620 1631 2687; baseline 0.002 -18"><span class='ocrx_word' id='word_1_253' title='bbox 353 2621 382 2669; x_wconf 93' lang='lat' dir='ltr'><strong>ln</strong></span> <span class='ocrx_word' id='word_1_254' title='bbox 401 2620 486 2671; x_wconf 88' lang='lat' dir='ltr'><strong>altero</strong></span> <span class='ocrx_word' id='word_1_255' title='bbox 504 2634 603 2685; x_wconf 88' lang='lat' dir='ltr'><strong>genere</strong></span> <span class='ocrx_word' id='word_1_256' title='bbox 619 2620 774 2686; x_wconf 61' lang='lat' dir='ltr'><strong>(gos-gqis)</strong></span> <span class='ocrx_word' id='word_1_257' title='bbox 789 2623 894 2674; x_wconf 90' lang='lat' dir='ltr'><strong>litterae</strong></span> <span class='ocrx_word' id='word_1_258' title='bbox 913 2623 1064 2686; x_wconf 85' lang='lat' dir='ltr'><strong>singulares</strong></span> <span class='ocrx_word' id='word_1_259' title='bbox 1083 2635 1165 2674; x_wconf 90' lang='lat' dir='ltr'><strong>sensu</strong></span> <span class='ocrx_word' id='word_1_260' title='bbox 1183 2624 1294 2673; x_wconf 90' lang='lat' dir='ltr'><strong>omnino</strong></span> <span class='ocrx_word' id='word_1_261' title='bbox 1312 2635 1404 2674; x_wconf 88' lang='lat' dir='ltr'><strong>cassas</strong></span> <span class='ocrx_word' id='word_1_262' title='bbox 1423 2635 1471 2687; x_wconf 89' lang='lat' dir='ltr'><strong>per</strong></span> <span class='ocrx_word' id='word_1_263' title='bbox 1483 2621 1631 2672; x_wconf 89' lang='lat' dir='ltr'><strong>ludibrium</strong></span> 
     </span>
     <span class='ocr_line' id='line_1_26' title="bbox 285 2706 1633 2775; baseline 0.001 -19"><span class='ocrx_word' id='word_1_264' title='bbox 285 2707 451 2770; x_wconf 87' lang='lat' dir='ltr'><strong>composilae</strong></span> <span class='ocrx_word' id='word_1_265' title='bbox 475 2710 548 2758; x_wconf 90' lang='lat' dir='ltr'><strong>sunl.</strong></span> <span class='ocrx_word' id='word_1_266' title='bbox 592 2707 696 2760; x_wconf 88' lang='lat' dir='ltr'><strong>Partem</strong></span> <span class='ocrx_word' id='word_1_267' title='bbox 725 2706 880 2772; x_wconf 71' lang='grc'><strong>(66*-66*)</strong></span> <span class='ocrx_word' id='word_1_268' title='bbox 906 2710 964 2775; x_wconf 88' lang='lat' dir='ltr'><strong>ipsc</strong></span> <span class='ocrx_word' id='word_1_269' title='bbox 989 2711 1154 2760; x_wconf 84' lang='lat' dir='ltr'><strong>examinavi:</strong></span> <span class='ocrx_word' id='word_1_270' title='bbox 1183 2722 1231 2759; x_wconf 90' lang='lat' dir='ltr'><strong>sae</strong></span> <span class='ocrx_word' id='word_1_271' title='bbox 1256 2707 1350 2759; x_wconf 85' lang='lat' dir='ltr'><strong>iraude</strong></span> <span class='ocrx_word' id='word_1_272' title='bbox 1375 2713 1429 2759; x_wconf 87' lang='lat' dir='ltr'><strong>tam</strong></span> <span class='ocrx_word' id='word_1_273' title='bbox 1453 2720 1545 2758; x_wconf 87' lang='lat' dir='ltr'><strong>crassa</strong></span> <span class='ocrx_word' id='word_1_274' title='bbox 1570 2711 1633 2758; x_wconf 88' lang='lat' dir='ltr'><strong>sunt</strong></span> 
     </span>
     <span class='ocr_line' id='line_1_27' title="bbox 284 2791 1631 2860; baseline 0.001 -19"><span class='ocrx_word' id='word_1_275' title='bbox 284 2791 383 2854; x_wconf 86' lang='lat' dir='ltr'><strong>iactae,</strong></span> <span class='ocrx_word' id='word_1_276' title='bbox 412 2793 504 2843; x_wconf 78' lang='lat' dir='ltr'><strong>utrix</strong></span> <span class='ocrx_word' id='word_1_277' title='bbox 529 2806 694 2858; x_wconf 89' lang='lat' dir='ltr'><strong>quemquam</strong></span> <span class='ocrx_word' id='word_1_278' title='bbox 713 2795 754 2846; x_wconf 89' lang='lat' dir='ltr'><strong>vel</strong></span> <span class='ocrx_word' id='word_1_279' title='bbox 780 2795 950 2860; x_wconf 89' lang='lat' dir='ltr'><strong>aliquantum</strong></span> <span class='ocrx_word' id='word_1_280' title='bbox 973 2796 1090 2860; x_wconf 90' lang='lat' dir='ltr'><strong>peritum</strong></span> <span class='ocrx_word' id='word_1_281' title='bbox 1116 2793 1207 2845; x_wconf 81' lang='grc'><strong>1614616</strong></span> <span class='ocrx_word' id='word_1_282' title='bbox 1232 2795 1350 2859; x_wconf 70' lang='grc'><strong>6666164)</strong></span> <span class='ocrx_word' id='word_1_283' title='bbox 1378 2792 1502 2844; x_wconf 76' lang='lat' dir='ltr'><strong>falsarius</strong></span> <span class='ocrx_word' id='word_1_284' title='bbox 1526 2791 1631 2857; x_wconf 89' lang='lat' dir='ltr'><strong>plumbi</strong></span> 
     </span>
     <span class='ocr_line' id='line_1_28' title="bbox 283 2875 1630 2946; baseline 0 -18"><span class='ocrx_word' id='word_1_285' title='bbox 283 2875 492 2942; x_wconf 84' lang='lat' dir='ltr'><strong>litterarumque</strong></span> <span class='ocrx_word' id='word_1_286' title='bbox 516 2877 617 2929; x_wconf 81' lang='lat' dir='ltr'><strong>formas</strong></span> <span class='ocrx_word' id='word_1_287' title='bbox 641 2881 764 2944; x_wconf 86' lang='lat' dir='ltr'><strong>antiquas</strong></span> <span class='ocrx_word' id='word_1_288' title='bbox 789 2882 887 2932; x_wconf 90' lang='lat' dir='ltr'><strong>imitari</strong></span> <span class='ocrx_word' id='word_1_289' title='bbox 907 2893 940 2930; x_wconf 90' lang='lat' dir='ltr'><strong>ne</strong></span> <span class='ocrx_word' id='word_1_290' title='bbox 960 2880 1099 2946; x_wconf 87' lang='lat' dir='ltr'><strong>temptavit</strong></span> <span class='ocrx_word' id='word_1_291' title='bbox 1122 2879 1244 2944; x_wconf 87' lang='lat' dir='ltr'><strong>quidem;</strong></span> <span class='ocrx_word' id='word_1_292' title='bbox 1272 2879 1366 2944; x_wconf 89' lang='lat' dir='ltr'><strong>robigo</strong></span> <span class='ocrx_word' id='word_1_293' title='bbox 1385 2881 1455 2930; x_wconf 91' lang='lat' dir='ltr'><strong>inest</strong></span> <span class='ocrx_word' id='word_1_294' title='bbox 1473 2878 1528 2929; x_wconf 89' lang='lat' dir='ltr'><strong>iere</strong></span> <span class='ocrx_word' id='word_1_295' title='bbox 1548 2878 1630 2940; x_wconf 90' lang='lat' dir='ltr'><strong>nulle,</strong></span> 
     </span>
     <span class='ocr_line' id='line_1_29' title="bbox 283 2960 1631 3031; baseline 0.001 -19"><span class='ocrx_word' id='word_1_296' title='bbox 283 2977 337 3013; x_wconf 89' lang='lat' dir='ltr'><strong>uns</strong></span> <span class='ocrx_word' id='word_1_297' title='bbox 367 2960 433 3027; x_wconf 69' lang='lat'><strong>(27⁴¹)</strong></span> <span class='ocrx_word' id='word_1_298' title='bbox 456 2964 525 3014; x_wconf 89' lang='lat' dir='ltr'><strong>adeo</strong></span> <span class='ocrx_word' id='word_1_299' title='bbox 548 2965 638 3016; x_wconf 89' lang='lat' dir='ltr'><strong>resina</strong></span> <span class='ocrx_word' id='word_1_300' title='bbox 661 2964 806 3029; x_wconf 90' lang='lat' dir='ltr'><strong>subnigra,</strong></span> <span class='ocrx_word' id='word_1_301' title='bbox 833 2979 903 3031; x_wconf 90' lang='lat' dir='ltr'><strong>quae</strong></span> <span class='ocrx_word' id='word_1_302' title='bbox 930 2967 1004 3016; x_wconf 88' lang='lat' dir='ltr'><strong>lacco</strong></span> <span class='ocrx_word' id='word_1_303' title='bbox 1028 2979 1100 3016; x_wconf 92' lang='lat' dir='ltr'><strong>nunc</strong></span> <span class='ocrx_word' id='word_1_304' title='bbox 1124 2968 1252 3026; x_wconf 80' lang='lat' dir='ltr'><strong>uocatur,</strong></span> <span class='ocrx_word' id='word_1_305' title='bbox 1277 2980 1311 3017; x_wconf 90' lang='lat' dir='ltr'><strong>ex</strong></span> <span class='ocrx_word' id='word_1_306' title='bbox 1335 2968 1410 3030; x_wconf 87' lang='lat' dir='ltr'><strong>parte</strong></span> <span class='ocrx_word' id='word_1_307' title='bbox 1437 2963 1553 3014; x_wconf 89' lang='lat' dir='ltr'><strong>obducta</strong></span> <span class='ocrx_word' id='word_1_308' title='bbox 1581 2968 1631 3014; x_wconf 88' lang='lat' dir='ltr'><strong>est.</strong></span> 
     </span>
     <span class='ocr_line' id='line_1_30' title="bbox 283 3045 1632 3114; baseline 0.001 -15"><span class='ocrx_word' id='word_1_309' title='bbox 283 3048 314 3099; x_wconf 90' lang='lat' dir='ltr'><strong>N.</strong></span> <span class='ocrx_word' id='word_1_310' title='bbox 328 3045 388 3101; x_wconf 63' lang='lat' dir='ltr'><strong>tull.</strong></span> <span class='ocrx_word' id='word_1_311' title='bbox 409 3047 468 3101; x_wconf 76' lang='lat' dir='ltr'><strong>w.</strong></span> <span class='ocrx_word' id='word_1_312' title='bbox 485 3046 544 3099; x_wconf 67' lang='lat' dir='ltr'><strong>w.</strong></span> <span class='ocrx_word' id='word_1_313' title='bbox 567 3048 626 3101; x_wconf 69' lang='lat'><strong>27⁹¹.</strong></span> <span class='ocrx_word' id='word_1_314' title='bbox 648 3050 698 3101; x_wconf 76' lang='lat'><strong>28*</strong></span> <span class='ocrx_word' id='word_1_315' title='bbox 710 3064 782 3102; x_wconf 90' lang='lat' dir='ltr'><strong>auno</strong></span> <span class='ocrx_word' id='word_1_316' title='bbox 797 3054 862 3103; x_wconf 81' lang='grc'><strong>4646</strong></span> <span class='ocrx_word' id='word_1_317' title='bbox 876 3053 903 3104; x_wconf 90' lang='grc'><strong>16</strong></span> <span class='ocrx_word' id='word_1_318' title='bbox 916 3064 1011 3102; x_wconf 91' lang='lat' dir='ltr'><strong>museo</strong></span> <span class='ocrx_word' id='word_1_319' title='bbox 1025 3051 1201 3102; x_wconf 79' lang='lat' dir='ltr'><strong>Kirclterienc</strong></span> <span class='ocrx_word' id='word_1_320' title='bbox 1215 3051 1283 3101; x_wconf 85' lang='lat' dir='ltr'><strong>uidit</strong></span> <span class='ocrx_word' id='word_1_321' title='bbox 1294 3052 1429 3112; x_wconf 84' lang='lat' dir='ltr'><strong>Minicius,</strong></span> <span class='ocrx_word' id='word_1_322' title='bbox 1450 3049 1632 3114; x_wconf 79' lang='lat' dir='ltr'><strong>videnturque</strong></span> 
     </span>
     <span class='ocr_line' id='line_1_31' title="bbox 283 3134 1631 3202; baseline 0.001 -18"><span class='ocrx_word' id='word_1_323' title='bbox 283 3134 376 3199; x_wconf 90' lang='lat' dir='ltr'><strong>paullo</strong></span> <span class='ocrx_word' id='word_1_324' title='bbox 399 3138 478 3186; x_wconf 87' lang='lat' dir='ltr'><strong>antea</strong></span> <span class='ocrx_word' id='word_1_325' title='bbox 502 3149 535 3186; x_wconf 87' lang='lat' dir='ltr'><strong>eo</strong></span> <span class='ocrx_word' id='word_1_326' title='bbox 560 3137 725 3199; x_wconf 87' lang='lat' dir='ltr'><strong>pervenisse.</strong></span> <span class='ocrx_word' id='word_1_327' title='bbox 769 3138 885 3202; x_wconf 89' lang='lat' dir='ltr'><strong>Originis</strong></span> <span class='ocrx_word' id='word_1_328' title='bbox 908 3137 1058 3188; x_wconf 73' lang='lat' dir='ltr'><strong>asculanae</strong></span> <span class='ocrx_word' id='word_1_329' title='bbox 1081 3149 1142 3187; x_wconf 87' lang='lat' dir='ltr'><strong>asse</strong></span> <span class='ocrx_word' id='word_1_330' title='bbox 1167 3135 1349 3187; x_wconf 57' lang='grc'><strong>66611641.</strong></span> <span class='ocrx_word' id='word_1_331' title='bbox 1377 3134 1436 3185; x_wconf 67' lang='lat' dir='ltr'><strong>w.</strong></span> <span class='ocrx_word' id='word_1_332' title='bbox 1456 3136 1507 3185; x_wconf 72' lang='lat'><strong>27*</strong></span> <span class='ocrx_word' id='word_1_333' title='bbox 1531 3136 1631 3186; x_wconf 89' lang='lat' dir='ltr'><strong>diserte</strong></span> 
     </span>
     <span class='ocr_line' id='line_1_32' title="bbox 284 3220 1633 3288; baseline 0.001 -18"><span class='ocrx_word' id='word_1_334' title='bbox 284 3220 368 3271; x_wconf 92' lang='lat' dir='ltr'><strong>tradit</strong></span> <span class='ocrx_word' id='word_1_335' title='bbox 385 3221 520 3272; x_wconf 85' lang='lat' dir='ltr'><strong>Minicius.</strong></span> <span class='ocrx_word' id='word_1_336' title='bbox 557 3223 746 3287; x_wconf 88' lang='lat' dir='ltr'><strong>Suspicionem</strong></span> <span class='ocrx_word' id='word_1_337' title='bbox 766 3223 824 3288; x_wconf 88' lang='lat' dir='ltr'><strong>ipse</strong></span> <span class='ocrx_word' id='word_1_338' title='bbox 842 3224 876 3274; x_wconf 87' lang='lat' dir='ltr'><strong>de</strong></span> <span class='ocrx_word' id='word_1_339' title='bbox 895 3223 969 3274; x_wconf 90' lang='lat' dir='ltr'><strong>nulia</strong></span> <span class='ocrx_word' id='word_1_340' title='bbox 988 3221 1126 3286; x_wconf 81' lang='lat' dir='ltr'><strong>professus</strong></span> <span class='ocrx_word' id='word_1_341' title='bbox 1144 3227 1200 3282; x_wconf 89' lang='lat' dir='ltr'><strong>cst;</strong></span> <span class='ocrx_word' id='word_1_342' title='bbox 1227 3224 1378 3287; x_wconf 86' lang='lat' dir='ltr'><strong>liuggierus</strong></span> <span class='ocrx_word' id='word_1_343' title='bbox 1399 3223 1470 3273; x_wconf 89' lang='lat' dir='ltr'><strong>inter</strong></span> <span class='ocrx_word' id='word_1_344' title='bbox 1493 3225 1633 3287; x_wconf 90' lang='lat' dir='ltr'><strong>suspectas</strong></span> 
     </span>
     <span class='ocr_line' id='line_1_33' title="bbox 283 3304 1631 3372; baseline 0.001 -17"><span class='ocrx_word' id='word_1_345' title='bbox 283 3304 402 3372; x_wconf 67' lang='lat' dir='ltr'><strong>rettulitj,</strong></span> <span class='ocrx_word' id='word_1_346' title='bbox 432 3308 597 3358; x_wconf 85' lang='lat' dir='ltr'><strong>Garruccius</strong></span> <span class='ocrx_word' id='word_1_347' title='bbox 618 3308 731 3371; x_wconf 88' lang='lat' dir='ltr'><strong>glandes</strong></span> <span class='ocrx_word' id='word_1_348' title='bbox 752 3321 780 3359; x_wconf 93' lang='grc'><strong>6.</strong></span> <span class='ocrx_word' id='word_1_349' title='bbox 802 3307 860 3358; x_wconf 67' lang='lat' dir='ltr'><strong>soli.</strong></span> <span class='ocrx_word' id='word_1_350' title='bbox 881 3306 942 3358; x_wconf 58' lang='grc'><strong>841.</strong></span> <span class='ocrx_word' id='word_1_351' title='bbox 968 3306 1028 3360; x_wconf 66' lang='grc'><strong>671.</strong></span> <span class='ocrx_word' id='word_1_352' title='bbox 1056 3306 1127 3358; x_wconf 75' lang='lat' dir='ltr'><strong>ssa*</strong></span> <span class='ocrx_word' id='word_1_353' title='bbox 1152 3308 1281 3371; x_wconf 86' lang='lat' dir='ltr'><strong>(itemque</strong></span> <span class='ocrx_word' id='word_1_354' title='bbox 1300 3322 1326 3358; x_wconf 92' lang='grc'><strong>6.</strong></span> <span class='ocrx_word' id='word_1_355' title='bbox 1349 3306 1407 3357; x_wconf 65' lang='grc'><strong>641.</strong></span> <span class='ocrx_word' id='word_1_356' title='bbox 1428 3305 1487 3370; x_wconf 64' lang='grc'><strong>661)</strong></span> <span class='ocrx_word' id='word_1_357' title='bbox 1515 3319 1544 3358; x_wconf 87' lang='grc'><strong>66</strong></span> <span class='ocrx_word' id='word_1_358' title='bbox 1569 3320 1631 3357; x_wconf 90' lang='grc'><strong>666</strong></span> 
     </span>
     <span class='ocr_line' id='line_1_34' title="bbox 285 3384 1632 3458; baseline 0.001 -17"><span class='ocrx_word' id='word_1_359' title='bbox 285 3384 454 3443; x_wconf 85' lang='lat' dir='ltr'><strong>Marcbio&#39;in</strong></span> <span class='ocrx_word' id='word_1_360' title='bbox 467 3389 542 3443; x_wconf 82' lang='lat' dir='ltr'><strong>falsis</strong></span> <span class='ocrx_word' id='word_1_361' title='bbox 561 3388 729 3456; x_wconf 83' lang='lat' dir='ltr'><strong>relegavisse&#39;</strong></span> <span class='ocrx_word' id='word_1_362' title='bbox 751 3396 866 3444; x_wconf 87' lang='lat' dir='ltr'><strong>testatur</strong></span> <span class='ocrx_word' id='word_1_363' title='bbox 883 3393 990 3458; x_wconf 79' lang='lat' dir='ltr'><strong>Sylloge</strong></span> <span class='ocrx_word' id='word_1_364' title='bbox 1008 3406 1034 3457; x_wconf 92' lang='lat' dir='ltr'><strong>p.</strong></span> <span class='ocrx_word' id='word_1_365' title='bbox 1048 3397 1107 3442; x_wconf 87' lang='grc'><strong>646.</strong></span> <span class='ocrx_word' id='word_1_366' title='bbox 1124 3419 1155 3430; x_wconf 96' lang='grc'><strong>-</strong></span> <span class='ocrx_word' id='word_1_367' title='bbox 1175 3392 1284 3444; x_wconf 86' lang='lat' dir='ltr'><strong>Ceteras</strong></span> <span class='ocrx_word' id='word_1_368' title='bbox 1299 3394 1335 3456; x_wconf 88' lang='lat' dir='ltr'><strong>(u.</strong></span> <span class='ocrx_word' id='word_1_369' title='bbox 1351 3390 1400 3442; x_wconf 69' lang='lat' dir='ltr'><strong>il*</strong></span> <span class='ocrx_word' id='word_1_370' title='bbox 1414 3394 1498 3457; x_wconf 82' lang='lat' dir='ltr'><strong>sqq),</strong></span> <span class='ocrx_word' id='word_1_371' title='bbox 1518 3405 1632 3458; x_wconf 91' lang='lat' dir='ltr'><strong>quarum</strong></span> 
     </span>
     <span class='ocr_line' id='line_1_35' title="bbox 284 3477 1634 3543; baseline 0 -16"><span class='ocrx_word' id='word_1_372' title='bbox 284 3477 417 3541; x_wconf 91' lang='lat' dir='ltr'><strong>plurimae</strong></span> <span class='ocrx_word' id='word_1_373' title='bbox 442 3480 519 3529; x_wconf 90' lang='lat' dir='ltr'><strong>erant</strong></span> <span class='ocrx_word' id='word_1_374' title='bbox 543 3479 571 3527; x_wconf 95' lang='grc'><strong>16</strong></span> <span class='ocrx_word' id='word_1_375' title='bbox 589 3491 684 3529; x_wconf 92' lang='lat' dir='ltr'><strong>museo</strong></span> <span class='ocrx_word' id='word_1_376' title='bbox 702 3478 855 3543; x_wconf 85' lang='lat' dir='ltr'><strong>Campanae</strong></span> <span class='ocrx_word' id='word_1_377' title='bbox 878 3477 1042 3543; x_wconf 60' lang='grc'><strong>1661666),</strong></span> <span class='ocrx_word' id='word_1_378' title='bbox 1073 3478 1151 3543; x_wconf 90' lang='lat' dir='ltr'><strong>plane</strong></span> <span class='ocrx_word' id='word_1_379' title='bbox 1178 3477 1302 3528; x_wconf 90' lang='lat' dir='ltr'><strong>eiusdem</strong></span> <span class='ocrx_word' id='word_1_380' title='bbox 1329 3479 1436 3542; x_wconf 89' lang='lat' dir='ltr'><strong>generis</strong></span> <span class='ocrx_word' id='word_1_381' title='bbox 1462 3491 1522 3529; x_wconf 87' lang='lat' dir='ltr'><strong>esse</strong></span> <span class='ocrx_word' id='word_1_382' title='bbox 1544 3479 1634 3529; x_wconf 90' lang='lat' dir='ltr'><strong>mani-</strong></span> 
     </span>
     <span class='ocr_line' id='line_1_36' title="bbox 285 3561 1633 3629; baseline 0.003 -18"><span class='ocrx_word' id='word_1_383' title='bbox 285 3561 382 3612; x_wconf 87' lang='lat' dir='ltr'><strong>iestum</strong></span> <span class='ocrx_word' id='word_1_384' title='bbox 409 3566 464 3624; x_wconf 90' lang='lat' dir='ltr'><strong>cst,</strong></span> <span class='ocrx_word' id='word_1_385' title='bbox 493 3566 623 3628; x_wconf 90' lang='lat' dir='ltr'><strong>recteque</strong></span> <span class='ocrx_word' id='word_1_386' title='bbox 650 3565 704 3614; x_wconf 92' lang='lat' dir='ltr'><strong>iem</strong></span> <span class='ocrx_word' id='word_1_387' title='bbox 729 3564 927 3615; x_wconf 88' lang='lat' dir='ltr'><strong>damnaverunt</strong></span> <span class='ocrx_word' id='word_1_388' title='bbox 951 3564 1137 3614; x_wconf 88' lang='lat' dir='ltr'><strong>Mommsenus</strong></span> <span class='ocrx_word' id='word_1_389' title='bbox 1154 3562 1206 3613; x_wconf 92' lang='lat' dir='ltr'><strong>vol.</strong></span> <span class='ocrx_word' id='word_1_390' title='bbox 1224 3563 1234 3612; x_wconf 93' lang='lat'><em>1</em></span> <span class='ocrx_word' id='word_1_391' title='bbox 1252 3577 1279 3629; x_wconf 88' lang='lat' dir='ltr'><strong>p.</strong></span> <span class='ocrx_word' id='word_1_392' title='bbox 1295 3567 1344 3614; x_wconf 82' lang='grc'><strong>566</strong></span> <span class='ocrx_word' id='word_1_393' title='bbox 1364 3567 1392 3615; x_wconf 84' lang='grc'><strong>61</strong></span> <span class='ocrx_word' id='word_1_394' title='bbox 1413 3565 1467 3627; x_wconf 86' lang='lat' dir='ltr'><strong>(qui</strong></span> <span class='ocrx_word' id='word_1_395' title='bbox 1493 3565 1542 3615; x_wconf 89' lang='lat' dir='ltr'><strong>bas</strong></span> <span class='ocrx_word' id='word_1_396' title='bbox 1560 3564 1633 3615; x_wconf 86' lang='lat' dir='ltr'><strong>haud</strong></span> 
     </span>
     <span class='ocr_line' id='line_1_37' title="bbox 284 3646 1633 3714; baseline 0.002 -18"><span class='ocrx_word' id='word_1_397' title='bbox 284 3646 367 3697; x_wconf 92' lang='lat' dir='ltr'><strong>dubie</strong></span> <span class='ocrx_word' id='word_1_398' title='bbox 391 3647 531 3712; x_wconf 84' lang='lat' dir='ltr'><strong>significat)</strong></span> <span class='ocrx_word' id='word_1_399' title='bbox 560 3649 724 3714; x_wconf 80' lang='lat' dir='ltr'><strong>Lougperier</strong></span> <span class='ocrx_word' id='word_1_400' title='bbox 749 3648 821 3712; x_wconf 85' lang='lat' dir='ltr'><strong>(vide</strong></span> <span class='ocrx_word' id='word_1_401' title='bbox 840 3648 874 3700; x_wconf 90' lang='lat' dir='ltr'><strong>ad</strong></span> <span class='ocrx_word' id='word_1_402' title='bbox 893 3662 920 3701; x_wconf 93' lang='grc'><strong>6.</strong></span> <span class='ocrx_word' id='word_1_403' title='bbox 939 3652 983 3712; x_wconf 70' lang='lat' dir='ltr'><strong>ts,</strong></span> <span class='ocrx_word' id='word_1_404' title='bbox 1003 3650 1039 3712; x_wconf 78' lang='grc'><strong>6).</strong></span> <span class='ocrx_word' id='word_1_405' title='bbox 1061 3648 1163 3699; x_wconf 82' lang='lat' dir='ltr'><strong>—llis</strong></span> <span class='ocrx_word' id='word_1_406' title='bbox 1185 3647 1312 3700; x_wconf 89' lang='lat' dir='ltr'><strong>subiunxi</strong></span> <span class='ocrx_word' id='word_1_407' title='bbox 1335 3652 1391 3700; x_wconf 87' lang='lat' dir='ltr'><strong>tres</strong></span> <span class='ocrx_word' id='word_1_408' title='bbox 1416 3647 1528 3713; x_wconf 89' lang='lat' dir='ltr'><strong>glandes</strong></span> <span class='ocrx_word' id='word_1_409' title='bbox 1551 3651 1633 3699; x_wconf 85' lang='lat' dir='ltr'><strong>variis</strong></span> 
     </span>
     <span class='ocr_line' id='line_1_38' title="bbox 285 3731 1160 3797; baseline 0.002 -16"><span class='ocrx_word' id='word_1_410' title='bbox 285 3732 373 3782; x_wconf 90' lang='lat' dir='ltr'><strong>modis</strong></span> <span class='ocrx_word' id='word_1_411' title='bbox 398 3734 425 3783; x_wconf 88' lang='lat' dir='ltr'><strong>et</strong></span> <span class='ocrx_word' id='word_1_412' title='bbox 442 3738 503 3784; x_wconf 88' lang='lat' dir='ltr'><strong>ante</strong></span> <span class='ocrx_word' id='word_1_413' title='bbox 522 3735 731 3786; x_wconf 91' lang='lat' dir='ltr'><strong>Vincenzinium</strong></span> <span class='ocrx_word' id='word_1_414' title='bbox 750 3733 879 3786; x_wconf 82' lang='lat' dir='ltr'><strong>confictas</strong></span> <span class='ocrx_word' id='word_1_415' title='bbox 899 3732 968 3797; x_wconf 71' lang='lat' dir='ltr'><strong>(w.</strong></span> <span class='ocrx_word' id='word_1_416' title='bbox 990 3733 1072 3786; x_wconf 63' lang='grc'><strong>6661.</strong></span> <span class='ocrx_word' id='word_1_417' title='bbox 1092 3731 1160 3796; x_wconf 58' lang='grc'><strong>661).</strong></span> 
     </span>
    </p>

    <p class='ocr_par' dir='ltr' id='par_1_5' title="bbox 250 3818 1636 4656">
     <span class='ocr_line' id='line_1_39' title="bbox 352 3818 1634 3885; baseline 0.001 -18"><span class='ocrx_word' id='word_1_418' title='bbox 352 3818 473 3869; x_wconf 90' lang='grc' dir='ltr'><strong>Τ611166</strong></span> <span class='ocrx_word' id='word_1_419' title='bbox 497 3832 583 3882; x_wconf 87' lang='lat' dir='ltr'><strong>genus</strong></span> <span class='ocrx_word' id='word_1_420' title='bbox 607 3823 649 3871; x_wconf 90' lang='lat' dir='ltr'><strong>est</strong></span> <span class='ocrx_word' id='word_1_421' title='bbox 672 3820 810 3884; x_wconf 90' lang='lat' dir='ltr'><strong>glandium</strong></span> <span class='ocrx_word' id='word_1_422' title='bbox 830 3833 938 3882; x_wconf 90' lang='grc'><strong>66166,</strong></span> <span class='ocrx_word' id='word_1_423' title='bbox 966 3833 1036 3885; x_wconf 90' lang='lat' dir='ltr'><strong>quae</strong></span> <span class='ocrx_word' id='word_1_424' title='bbox 1063 3818 1412 3885; x_wconf 88' lang='lat' dir='ltr'><strong>ipsasquidemantiquae</strong></span> <span class='ocrx_word' id='word_1_425' title='bbox 1434 3819 1566 3870; x_wconf 89' lang='lat' dir='ltr'><strong>suntsed</strong></span> <span class='ocrx_word' id='word_1_426' title='bbox 1591 3820 1634 3868; x_wconf 91' lang='lat' dir='ltr'><strong>in-</strong></span> 
     </span>
     <span class='ocr_line' id='line_1_40' title="bbox 285 3902 1633 3970; baseline 0.001 -17"><span class='ocrx_word' id='word_1_427' title='bbox 285 3903 447 3967; x_wconf 89' lang='lat' dir='ltr'><strong>scriptiones</strong></span> <span class='ocrx_word' id='word_1_428' title='bbox 469 3918 485 3955; x_wconf 92' lang='lat' dir='ltr'><strong>a</strong></span> <span class='ocrx_word' id='word_1_429' title='bbox 504 3902 612 3955; x_wconf 80' lang='lat' dir='ltr'><strong>falsario</strong></span> <span class='ocrx_word' id='word_1_430' title='bbox 630 3906 764 3956; x_wconf 74' lang='lat' dir='ltr'><strong>Asculano</strong></span> <span class='ocrx_word' id='word_1_431' title='bbox 789 3905 883 3970; x_wconf 91' lang='lat' dir='ltr'><strong>ligneis</strong></span> <span class='ocrx_word' id='word_1_432' title='bbox 907 3904 1001 3956; x_wconf 80' lang='lat' dir='ltr'><strong>formis</strong></span> <span class='ocrx_word' id='word_1_433' title='bbox 1024 3917 1140 3956; x_wconf 90' lang='lat' dir='ltr'><strong>excusas</strong></span> <span class='ocrx_word' id='word_1_434' title='bbox 1163 3904 1292 3957; x_wconf 89' lang='lat' dir='ltr'><strong>exhibent</strong></span> <span class='ocrx_word' id='word_1_435' title='bbox 1311 3903 1464 3970; x_wconf 92' lang='lat' dir='ltr'><strong>quibusque</strong></span> <span class='ocrx_word' id='word_1_436' title='bbox 1483 3906 1523 3954; x_wconf 90' lang='lat' dir='ltr'><strong>tot</strong></span> <span class='ocrx_word' id='word_1_437' title='bbox 1542 3918 1633 3955; x_wconf 89' lang='lat' dir='ltr'><strong>musea</strong></span> 
     </span>
     <span class='ocr_line' id='line_1_41' title="bbox 286 3987 1636 4057; baseline 0.002 -20"><span class='ocrx_word' id='word_1_438' title='bbox 286 3991 341 4039; x_wconf 89' lang='lat' dir='ltr'><strong>tam</strong></span> <span class='ocrx_word' id='word_1_439' title='bbox 360 3987 470 4053; x_wconf 88' lang='lat' dir='ltr'><strong>publica</strong></span> <span class='ocrx_word' id='word_1_440' title='bbox 490 4002 570 4054; x_wconf 90' lang='lat' dir='ltr'><strong>quam</strong></span> <span class='ocrx_word' id='word_1_441' title='bbox 590 3992 694 4055; x_wconf 85' lang='lat' dir='ltr'><strong>privata</strong></span> <span class='ocrx_word' id='word_1_442' title='bbox 713 3989 810 4041; x_wconf 89' lang='grc'><strong>1616146</strong></span> <span class='ocrx_word' id='word_1_443' title='bbox 830 3993 901 4042; x_wconf 91' lang='lat' dir='ltr'><strong>suut.</strong></span> <span class='ocrx_word' id='word_1_444' title='bbox 933 3990 989 4041; x_wconf 86' lang='lat' dir='ltr'><strong>Eae</strong></span> <span class='ocrx_word' id='word_1_445' title='bbox 1007 3991 1116 4056; x_wconf 90' lang='lat' dir='ltr'><strong>prodire</strong></span> <span class='ocrx_word' id='word_1_446' title='bbox 1135 3993 1285 4057; x_wconf 87' lang='lat' dir='ltr'><strong>coepemnt</strong></span> <span class='ocrx_word' id='word_1_447' title='bbox 1302 3991 1365 4041; x_wconf 92' lang='lat' dir='ltr'><strong>iude</strong></span> <span class='ocrx_word' id='word_1_448' title='bbox 1384 3990 1418 4038; x_wconf 89' lang='lat' dir='ltr'><strong>ab</strong></span> <span class='ocrx_word' id='word_1_449' title='bbox 1437 4003 1508 4041; x_wconf 91' lang='lat' dir='ltr'><strong>anno</strong></span> <span class='ocrx_word' id='word_1_450' title='bbox 1526 3991 1636 4041; x_wconf 89' lang='lat' dir='ltr'><strong>circiter</strong></span> 
     </span>
     <span class='ocr_line' id='line_1_42' title="bbox 285 4074 1635 4142; baseline 0.001 -19"><span class='ocrx_word' id='word_1_451' title='bbox 285 4077 351 4142; x_wconf 79' lang='grc'><strong>4866</strong></span> <span class='ocrx_word' id='word_1_452' title='bbox 374 4074 445 4138; x_wconf 82' lang='lat' dir='ltr'><strong>(vide</strong></span> <span class='ocrx_word' id='word_1_453' title='bbox 464 4089 491 4128; x_wconf 92' lang='lat' dir='ltr'><strong>u.</strong></span> <span class='ocrx_word' id='word_1_454' title='bbox 508 4074 566 4136; x_wconf 63' lang='lat'><strong>66⁸,</strong></span> <span class='ocrx_word' id='word_1_455' title='bbox 579 4079 615 4142; x_wconf 88' lang='grc'><strong>6).</strong></span> <span class='ocrx_word' id='word_1_456' title='bbox 642 4076 676 4126; x_wconf 83' lang='grc'><strong>111</strong></span> <span class='ocrx_word' id='word_1_457' title='bbox 688 4075 723 4127; x_wconf 91' lang='lat' dir='ltr'><strong>ab</strong></span> <span class='ocrx_word' id='word_1_458' title='bbox 736 4077 812 4127; x_wconf 88' lang='lat' dir='ltr'><strong>initio</strong></span> <span class='ocrx_word' id='word_1_459' title='bbox 825 4076 935 4140; x_wconf 91' lang='lat' dir='ltr'><strong>quidem</strong></span> <span class='ocrx_word' id='word_1_460' title='bbox 954 4075 1078 4126; x_wconf 79' lang='lat' dir='ltr'><strong>falsarius</strong></span> <span class='ocrx_word' id='word_1_461' title='bbox 1091 4077 1205 4140; x_wconf 88' lang='lat' dir='ltr'><strong>eiusque</strong></span> <span class='ocrx_word' id='word_1_462' title='bbox 1225 4077 1292 4126; x_wconf 91' lang='lat' dir='ltr'><strong>socii</strong></span> <span class='ocrx_word' id='word_1_463' title='bbox 1305 4076 1458 4127; x_wconf 85' lang='lat' dir='ltr'><strong>venditores</strong></span> <span class='ocrx_word' id='word_1_464' title='bbox 1477 4076 1635 4126; x_wconf 86' lang='lat' dir='ltr'><strong>cautissime</strong></span> 
     </span>
     <span class='ocr_line' id='line_1_43' title="bbox 284 4159 1635 4227; baseline 0.001 -17"><span class='ocrx_word' id='word_1_465' title='bbox 284 4159 413 4221; x_wconf 83' lang='lat' dir='ltr'><strong>egebant:</strong></span> <span class='ocrx_word' id='word_1_466' title='bbox 434 4174 487 4211; x_wconf 91' lang='lat' dir='ltr'><strong>non</strong></span> <span class='ocrx_word' id='word_1_467' title='bbox 506 4162 580 4212; x_wconf 90' lang='lat' dir='ltr'><strong>enim</strong></span> <span class='ocrx_word' id='word_1_468' title='bbox 598 4161 765 4213; x_wconf 81' lang='lat' dir='ltr'><strong>recedebant</strong></span> <span class='ocrx_word' id='word_1_469' title='bbox 778 4161 830 4212; x_wconf 90' lang='lat' dir='ltr'><strong>nisi</strong></span> <span class='ocrx_word' id='word_1_470' title='bbox 844 4163 1034 4227; x_wconf 89' lang='lat' dir='ltr'><strong>inscriptiones</strong></span> <span class='ocrx_word' id='word_1_471' title='bbox 1048 4162 1102 4212; x_wconf 87' lang='lat' dir='ltr'><strong>iem</strong></span> <span class='ocrx_word' id='word_1_472' title='bbox 1115 4159 1234 4223; x_wconf 91' lang='lat' dir='ltr'><strong>aliunde,</strong></span> <span class='ocrx_word' id='word_1_473' title='bbox 1249 4162 1365 4212; x_wconf 89' lang='lat' dir='ltr'><strong>maxime</strong></span> <span class='ocrx_word' id='word_1_474' title='bbox 1378 4175 1412 4212; x_wconf 91' lang='lat' dir='ltr'><strong>ex</strong></span> <span class='ocrx_word' id='word_1_475' title='bbox 1424 4162 1524 4212; x_wconf 89' lang='lat' dir='ltr'><strong>Minicii</strong></span> <span class='ocrx_word' id='word_1_476' title='bbox 1544 4160 1635 4212; x_wconf 90' lang='lat' dir='ltr'><strong>libello</strong></span> 
     </span>
     <span class='ocr_line' id='line_1_44' title="bbox 286 4245 1632 4313; baseline 0.002 -20"><span class='ocrx_word' id='word_1_477' title='bbox 286 4249 374 4305; x_wconf 88' lang='lat' dir='ltr'><strong>notes,</strong></span> <span class='ocrx_word' id='word_1_478' title='bbox 389 4259 488 4311; x_wconf 89' lang='lat' dir='ltr'><strong>aesque</strong></span> <span class='ocrx_word' id='word_1_479' title='bbox 500 4248 595 4312; x_wconf 89' lang='lat' dir='ltr'><strong>paucis</strong></span> <span class='ocrx_word' id='word_1_480' title='bbox 607 4246 810 4313; x_wconf 91' lang='lat' dir='ltr'><strong>exemplaribus</strong></span> <span class='ocrx_word' id='word_1_481' title='bbox 821 4260 986 4312; x_wconf 91' lang='lat' dir='ltr'><strong>summoque</strong></span> <span class='ocrx_word' id='word_1_482' title='bbox 999 4246 1112 4298; x_wconf 81' lang='lat' dir='ltr'><strong>artificio</strong></span> <span class='ocrx_word' id='word_1_483' title='bbox 1125 4246 1204 4298; x_wconf 85' lang='lat' dir='ltr'><strong>lactis</strong></span> <span class='ocrx_word' id='word_1_484' title='bbox 1216 4245 1384 4312; x_wconf 87' lang='lat' dir='ltr'><strong>repetebant.</strong></span> <span class='ocrx_word' id='word_1_485' title='bbox 1403 4248 1461 4308; x_wconf 86' lang='lat' dir='ltr'><strong>Quo</strong></span> <span class='ocrx_word' id='word_1_486' title='bbox 1472 4246 1572 4297; x_wconf 86' lang='lat' dir='ltr'><strong>lactum</strong></span> <span class='ocrx_word' id='word_1_487' title='bbox 1583 4251 1632 4310; x_wconf 89' lang='grc'><strong>664,</strong></span> 
     </span>
     <span class='ocr_line' id='line_1_45' title="bbox 286 4332 1633 4398; baseline 0.001 -18"><span class='ocrx_word' id='word_1_488' title='bbox 286 4335 315 4380; x_wconf 91' lang='lat' dir='ltr'><strong>ut</strong></span> <span class='ocrx_word' id='word_1_489' title='bbox 334 4333 464 4394; x_wconf 89' lang='lat' dir='ltr'><strong>genuinas</strong></span> <span class='ocrx_word' id='word_1_490' title='bbox 476 4335 603 4398; x_wconf 90' lang='lat' dir='ltr'><strong>putarent</strong></span> <span class='ocrx_word' id='word_1_491' title='bbox 615 4333 806 4398; x_wconf 89' lang='lat' dir='ltr'><strong>inscriptiones</strong></span> <span class='ocrx_word' id='word_1_492' title='bbox 818 4333 919 4395; x_wconf 91' lang='lat' dir='ltr'><strong>cuncti,</strong></span> <span class='ocrx_word' id='word_1_493' title='bbox 933 4333 1015 4382; x_wconf 87' lang='lat' dir='ltr'><strong>etiam</strong></span> <span class='ocrx_word' id='word_1_494' title='bbox 1035 4333 1054 4383; x_wconf 89' lang='lat' dir='ltr'><strong>ii</strong></span> <span class='ocrx_word' id='word_1_495' title='bbox 1067 4332 1192 4383; x_wconf 90' lang='lat' dir='ltr'><strong>homines</strong></span> <span class='ocrx_word' id='word_1_496' title='bbox 1206 4333 1369 4396; x_wconf 89' lang='lat' dir='ltr'><strong>guerissimi,</strong></span> <span class='ocrx_word' id='word_1_497' title='bbox 1390 4332 1490 4396; x_wconf 90' lang='lat' dir='ltr'><strong>quibus</strong></span> <span class='ocrx_word' id='word_1_498' title='bbox 1503 4334 1633 4395; x_wconf 88' lang='lat' dir='ltr'><strong>genuinas</strong></span> 
     </span>
     <span class='ocr_line' id='line_1_46' title="bbox 250 4415 1634 4484; baseline 0.001 -18"><span class='ocrx_word' id='word_1_499' title='bbox 250 4440 253 4444; x_wconf 77' lang='lat'><em>,</em></span> <span class='ocrx_word' id='word_1_500' title='bbox 286 4415 409 4468; x_wconf 90' lang='grc'><strong>66616116</strong></span> <span class='ocrx_word' id='word_1_501' title='bbox 429 4418 540 4469; x_wconf 89' lang='lat' dir='ltr'><strong>cottidie</strong></span> <span class='ocrx_word' id='word_1_502' title='bbox 559 4419 585 4468; x_wconf 91' lang='lat' dir='ltr'><strong>in</strong></span> <span class='ocrx_word' id='word_1_503' title='bbox 606 4420 732 4483; x_wconf 92' lang='lat' dir='ltr'><strong>promptu</strong></span> <span class='ocrx_word' id='word_1_504' title='bbox 751 4421 823 4470; x_wconf 88' lang='lat' dir='ltr'><strong>erat:</strong></span> <span class='ocrx_word' id='word_1_505' title='bbox 843 4421 950 4484; x_wconf 86' lang='lat' dir='ltr'><strong>praeter</strong></span> <span class='ocrx_word' id='word_1_506' title='bbox 967 4419 1145 4470; x_wconf 86' lang='lat' dir='ltr'><strong>Garruccium</strong></span> <span class='ocrx_word' id='word_1_507' title='bbox 1163 4420 1244 4469; x_wconf 89' lang='lat' dir='ltr'><strong>etiam</strong></span> <span class='ocrx_word' id='word_1_508' title='bbox 1258 4419 1372 4469; x_wconf 86' lang='lat' dir='ltr'><strong>vischer</strong></span> <span class='ocrx_word' id='word_1_509' title='bbox 1388 4419 1425 4480; x_wconf 76' lang='grc'><strong>16,</strong></span> <span class='ocrx_word' id='word_1_510' title='bbox 1437 4415 1509 4479; x_wconf 68' lang='lat' dir='ltr'><strong>w),</strong></span> <span class='ocrx_word' id='word_1_511' title='bbox 1530 4418 1634 4468; x_wconf 77' lang='lat' dir='ltr'><strong>liorelli</strong></span> 
     </span>
     <span class='ocr_line' id='line_1_47' title="bbox 289 4501 1631 4570; baseline 0.002 -19"><span class='ocrx_word' id='word_1_512' title='bbox 289 4502 325 4562; x_wconf 82' lang='lat' dir='ltr'><strong>ln.</strong></span> <span class='ocrx_word' id='word_1_513' title='bbox 339 4502 410 4566; x_wconf 71' lang='lat'><strong>68⁴⁸),</strong></span> <span class='ocrx_word' id='word_1_514' title='bbox 422 4505 523 4555; x_wconf 84' lang='lat' dir='ltr'><strong>sirozzi</strong></span> <span class='ocrx_word' id='word_1_515' title='bbox 535 4504 657 4555; x_wconf 89' lang='lat' dir='ltr'><strong>marchio</strong></span> <span class='ocrx_word' id='word_1_516' title='bbox 674 4505 744 4569; x_wconf 88' lang='lat' dir='ltr'><strong>(post</strong></span> <span class='ocrx_word' id='word_1_517' title='bbox 755 4518 783 4555; x_wconf 91' lang='lat' dir='ltr'><strong>n.</strong></span> <span class='ocrx_word' id='word_1_518' title='bbox 793 4502 864 4567; x_wconf 60' lang='grc'><strong>661),</strong></span> <span class='ocrx_word' id='word_1_519' title='bbox 879 4504 1053 4570; x_wconf 83' lang='lat' dir='ltr'><strong>Longperier,</strong></span> <span class='ocrx_word' id='word_1_520' title='bbox 1068 4505 1096 4554; x_wconf 85' lang='lat' dir='ltr'><strong>L.</strong></span> <span class='ocrx_word' id='word_1_521' title='bbox 1112 4503 1225 4556; x_wconf 81' lang='lat' dir='ltr'><strong>Mueller</strong></span> <span class='ocrx_word' id='word_1_522' title='bbox 1237 4505 1398 4556; x_wconf 84' lang='lat' dir='ltr'><strong>Haunieusis</strong></span> <span class='ocrx_word' id='word_1_523' title='bbox 1413 4501 1457 4564; x_wconf 84' lang='grc'><strong>(61.</strong></span> <span class='ocrx_word' id='word_1_524' title='bbox 1468 4504 1631 4569; x_wconf 86' lang='lat' dir='ltr'><strong>Mommsen,</strong></span> 
     </span>
     <span class='ocr_line' id='line_1_48' title="bbox 287 4587 1634 4656; baseline 0.004 -21"><span class='ocrx_word' id='word_1_525' title='bbox 287 4587 325 4636; x_wconf 84' lang='lat' dir='ltr'><strong>Im</strong></span> <span class='ocrx_word' id='word_1_526' title='bbox 337 4602 421 4640; x_wconf 80' lang='grc'><strong>66666</strong></span> <span class='ocrx_word' id='word_1_527' title='bbox 433 4589 510 4640; x_wconf 80' lang='grc'><strong>1464611</strong></span> <span class='ocrx_word' id='word_1_528' title='bbox 526 4592 591 4640; x_wconf 80' lang='grc'><strong>4616</strong></span> <span class='ocrx_word' id='word_1_529' title='bbox 604 4591 628 4640; x_wconf 92' lang='lat'><strong>11</strong></span> <span class='ocrx_word' id='word_1_530' title='bbox 641 4603 668 4656; x_wconf 92' lang='lat' dir='ltr'><strong>p.</strong></span> <span class='ocrx_word' id='word_1_531' title='bbox 685 4590 755 4652; x_wconf 86' lang='grc'><strong>441).</strong></span> <span class='ocrx_word' id='word_1_532' title='bbox 787 4589 858 4641; x_wconf 88' lang='lat' dir='ltr'><strong>Nam</strong></span> <span class='ocrx_word' id='word_1_533' title='bbox 871 4591 1030 4642; x_wconf 90' lang='lat' dir='ltr'><strong>Miniciauae</strong></span> <span class='ocrx_word' id='word_1_534' title='bbox 1043 4589 1113 4648; x_wconf 89' lang='lat' dir='ltr'><strong>illae,</strong></span> <span class='ocrx_word' id='word_1_535' title='bbox 1130 4603 1199 4654; x_wconf 91' lang='lat' dir='ltr'><strong>quas</strong></span> <span class='ocrx_word' id='word_1_536' title='bbox 1210 4592 1315 4656; x_wconf 89' lang='lat' dir='ltr'><strong>spurias</strong></span> <span class='ocrx_word' id='word_1_537' title='bbox 1334 4588 1376 4640; x_wconf 90' lang='lat' dir='ltr'><strong>vel</strong></span> <span class='ocrx_word' id='word_1_538' title='bbox 1389 4588 1459 4640; x_wconf 90' lang='lat' dir='ltr'><strong>male</strong></span> <span class='ocrx_word' id='word_1_539' title='bbox 1473 4588 1556 4640; x_wconf 90' lang='lat' dir='ltr'><strong>lectas</strong></span> <span class='ocrx_word' id='word_1_540' title='bbox 1575 4602 1634 4640; x_wconf 90' lang='lat' dir='ltr'><strong>esse</strong></span> 
     </span>
    </p>
   </div>
   <div class='ocr_carea' id='block_1_3' title="bbox 286 4838 1635 5252">
    <p class='ocr_par' dir='ltr' id='par_1_6' title="bbox 286 4838 1633 5081">
     <span class='ocr_line' id='line_1_49' title="bbox 357 4838 1632 4913; baseline 0.002 -21"><span class='ocrx_word' id='word_1_541' title='bbox 357 4843 380 4905; x_wconf 91' lang='grc'><strong>4)</strong></span> <span class='ocrx_word' id='word_1_542' title='bbox 399 4844 586 4897; x_wconf 88' lang='lat' dir='ltr'><strong>Mommseuus</strong></span> <span class='ocrx_word' id='word_1_543' title='bbox 598 4845 698 4912; x_wconf 91' lang='lat' dir='ltr'><strong>Corp.l</strong></span> <span class='ocrx_word' id='word_1_544' title='bbox 712 4859 738 4912; x_wconf 91' lang='lat' dir='ltr'><strong>p.</strong></span> <span class='ocrx_word' id='word_1_545' title='bbox 752 4850 800 4897; x_wconf 82' lang='grc'><strong>486</strong></span> <span class='ocrx_word' id='word_1_546' title='bbox 821 4850 848 4897; x_wconf 92' lang='grc'><strong>16</strong></span> <span class='ocrx_word' id='word_1_547' title='bbox 868 4846 1038 4913; x_wconf 88' lang='lat' dir='ltr'><strong>praelatione</strong></span> <span class='ocrx_word' id='word_1_548' title='bbox 1057 4846 1202 4911; x_wconf 88' lang='lat' dir='ltr'><strong>glandibus</strong></span> <span class='ocrx_word' id='word_1_549' title='bbox 1218 4845 1363 4897; x_wconf 79' lang='lat' dir='ltr'><strong>Asculanis</strong></span> <span class='ocrx_word' id='word_1_550' title='bbox 1381 4847 1531 4912; x_wconf 88' lang='lat' dir='ltr'><strong>praemissa</strong></span> <span class='ocrx_word' id='word_1_551' title='bbox 1547 4838 1632 4911; x_wconf 82' lang='lat' dir='ltr'><strong>Mihi,</strong></span> 
     </span>
     <span class='ocr_line' id='line_1_50' title="bbox 287 4930 1633 4995; baseline 0.003 -18"><span class='ocrx_word' id='word_1_552' title='bbox 287 4931 389 4993; x_wconf 88' lang='lat' dir='ltr'><strong>inquit,</strong></span> <span class='ocrx_word' id='word_1_553' title='bbox 416 4931 462 4991; x_wconf 92' lang='lat' dir='ltr'><strong>qui</strong></span> <span class='ocrx_word' id='word_1_554' title='bbox 486 4932 583 4982; x_wconf 89' lang='lat' dir='ltr'><strong>harum</strong></span> <span class='ocrx_word' id='word_1_555' title='bbox 608 4933 712 4984; x_wconf 87' lang='lat' dir='ltr'><strong>nullam</strong></span> <span class='ocrx_word' id='word_1_556' title='bbox 730 4933 845 4984; x_wconf 84' lang='lat' dir='ltr'><strong>viderim</strong></span> <span class='ocrx_word' id='word_1_557' title='bbox 872 4931 938 4983; x_wconf 93' lang='lat' dir='ltr'><strong>nibil</strong></span> <span class='ocrx_word' id='word_1_558' title='bbox 965 4931 1021 4984; x_wconf 90' lang='grc'><strong>1616</strong></span> <span class='ocrx_word' id='word_1_559' title='bbox 1046 4932 1170 4984; x_wconf 88' lang='grc'><strong>16116166</strong></span> <span class='ocrx_word' id='word_1_560' title='bbox 1191 4930 1314 4983; x_wconf 85' lang='lat' dir='ltr'><strong>inituisi</strong></span> <span class='ocrx_word' id='word_1_561' title='bbox 1335 4932 1477 4985; x_wconf 90' lang='lat' dir='ltr'><strong>molestum</strong></span> <span class='ocrx_word' id='word_1_562' title='bbox 1496 4932 1633 4995; x_wconf 88' lang='lat' dir='ltr'><strong>negotium</strong></span> 
     </span>
     <span class='ocr_line' id='line_1_51' title="bbox 286 5012 672 5081; baseline 0.01 -17"><span class='ocrx_word' id='word_1_563' title='bbox 286 5014 467 5066; x_wconf 87' lang='lat' dir='ltr'><strong>dubitationis</strong></span> <span class='ocrx_word' id='word_1_564' title='bbox 486 5012 672 5081; x_wconf 87' lang='lat' dir='ltr'><strong>profitendae’.</strong></span> 
     </span>
    </p>

    <p class='ocr_par' dir='ltr' id='par_1_7' title="bbox 287 5101 1635 5252">
     <span class='ocr_line' id='line_1_52' title="bbox 355 5101 1635 5168; baseline 0.001 -17"><span class='ocrx_word' id='word_1_565' title='bbox 355 5105 380 5164; x_wconf 76' lang='grc'><strong>6)</strong></span> <span class='ocrx_word' id='word_1_566' title='bbox 400 5101 539 5166; x_wconf 87' lang='lat' dir='ltr'><strong>Borghesii</strong></span> <span class='ocrx_word' id='word_1_567' title='bbox 553 5103 697 5168; x_wconf 88' lang='lat' dir='ltr'><strong>epistulam</strong></span> <span class='ocrx_word' id='word_1_568' title='bbox 711 5103 785 5154; x_wconf 92' lang='lat' dir='ltr'><strong>illam</strong></span> <span class='ocrx_word' id='word_1_569' title='bbox 799 5104 862 5155; x_wconf 91' lang='lat' dir='ltr'><strong>anni</strong></span> <span class='ocrx_word' id='word_1_570' title='bbox 877 5107 953 5165; x_wconf 88' lang='grc'><strong>4886,</strong></span> <span class='ocrx_word' id='word_1_571' title='bbox 974 5104 1075 5156; x_wconf 85' lang='lat' dir='ltr'><strong>editam</strong></span> <span class='ocrx_word' id='word_1_572' title='bbox 1088 5117 1160 5155; x_wconf 90' lang='lat' dir='ltr'><strong>anno</strong></span> <span class='ocrx_word' id='word_1_573' title='bbox 1174 5107 1248 5165; x_wconf 83' lang='grc'><strong>4818,</strong></span> <span class='ocrx_word' id='word_1_574' title='bbox 1269 5104 1400 5168; x_wconf 82' lang='lat' dir='ltr'><strong>Bergliius</strong></span> <span class='ocrx_word' id='word_1_575' title='bbox 1412 5116 1475 5154; x_wconf 90' lang='lat' dir='ltr'><strong>cum</strong></span> <span class='ocrx_word' id='word_1_576' title='bbox 1489 5116 1544 5153; x_wconf 93' lang='lat' dir='ltr'><strong>non</strong></span> <span class='ocrx_word' id='word_1_577' title='bbox 1558 5115 1635 5154; x_wconf 88' lang='lat' dir='ltr'><strong>eom-</strong></span> 
     </span>
     <span class='ocr_line' id='line_1_53' title="bbox 287 5187 724 5252; baseline 0.005 -14"><span class='ocrx_word' id='word_1_578' title='bbox 287 5191 428 5252; x_wconf 87' lang='lat' dir='ltr'><strong>memoret,</strong></span> <span class='ocrx_word' id='word_1_579' title='bbox 448 5187 558 5240; x_wconf 85' lang='lat' dir='ltr'><strong>uidetur</strong></span> <span class='ocrx_word' id='word_1_580' title='bbox 576 5191 724 5252; x_wconf 90' lang='lat' dir='ltr'><strong>ignorasse.</strong></span> 
     </span>
    </p>
   </div>
   <div class='ocr_carea' id='block_1_4' title="bbox 0 0 1758 5842">
    <p class='ocr_par' dir='ltr' id='par_1_8' title="bbox 0 0 1758 5842">
     <span class='ocr_line' id='line_1_54' title="bbox 0 0 1758 5842; baseline 0 0"><span class='ocrx_word' id='word_1_581' title='bbox 0 0 1758 5842; x_wconf 95' lang='lat' dir='ltr'><strong> </strong></span> 
     </span>
    </p>
   </div>
  </div>
 </body>
</html>
