3772 5992
553 1531 978 1666 GLANDES
1034 1529 1456 1664 SPVRIAE.

331 1820 487 1947 Primum
505 1904 591 1955 genus
604 1888 691 1954 (4*-4
699 1889 732 1940 9*
749 1903 782 1941 ec
800 1889 914 1942 fortusse
930 1886 1010 1954 490*)
1030 1893 1071 1942 eet
1082 1903 1186 1952 earum,
1207 1903 1277 1955 quse
1289 1891 1391 1941 Minieii
1410 1893 1496 1942 eetute
1516 1890 1676 1955 prodierunt

331 1981 358 2027 et
376 1977 431 2029 buc
448 1991 535 2042 usque
553 1976 703 2028 editoribus
722 1977 878 2039 (novissime
897 1977 1054 2039 Gerruccio)
1075 1978 1273 2042 imposuerunt,
1293 1977 1345 2028 nisi
1363 1977 1437 2042 quod
1456 1991 1519 2043 pers
1538 1991 1585 2037 ea,
1605 1991 1675 2041 quae

330 2064 365 2114 ad
378 2063 497 2127 legiones
509 2065 623 2128 spectet,
638 2063 834 2113 eblommeeno
847 2065 883 2123 et,
903 2061 931 2112 id
944 2061 1018 2126 quod
1032 2075 1119 2127 nuper
1130 2061 1241 2112 demum
1258 2061 1414 2122 didicimus,
1436 2064 1490 2112 iam
1503 2077 1518 2112 e
1531 2062 1676 2126 Borghesio

329 2163 401 2200 anno
416 2152 481 2200 4946
495 2151 522 2199 in
541 2149 726 2214 suspicionem
739 2151 835 2198 vocete
854 2151 920 2199 erat.
957 2149 1012 2212 Ego
1026 2161 1089 2198 cum
1108 2149 1229 2212 primum
1240 2161 1312 2200 anno
1326 2151 1392 2199 4944
1405 2151 1493 2199 musei
1507 2148 1675 2198 Ktrcberieni

329 2236 473 2286 thesauros
491 2239 557 2286 tunc
574 2236 629 2286 iem
646 2237 709 2286 usui
728 2236 867 2286 communi
891 2235 1035 2286 commode
1053 2235 1190 2300 expositos
1214 2236 1241 2285 et
1257 2235 1383 2299 lluggieri
1400 2247 1465 2285 eura
1484 2234 1603 2298 digesios
1620 2235 1675 2286 adii

330 2325 356 2372 et
375 2321 487 2386 glandes
505 2320 669 2386 perlustrare
687 2322 775 2386 coepi,
795 2321 822 2370 in
841 2333 935 2372 earum
954 2334 1067 2372 numero
1086 2322 1178 2372 statim
1196 2320 1292 2372 oculos
1310 2319 1423 2371 offendit
1434 2321 1519 2371 series
1535 2320 1673 2384 glaudium

333 2405 451 2458 4*-49*
469 2409 540 2458 inter
561 2420 590 2458 se
609 2407 810 2458 simillimorum
830 2409 857 2457 et
875 2407 989 2457 eundem
1002 2405 1138 2457 oificinem
1152 2406 1342 2471 prodentium,
1363 2407 1411 2458 sed
1430 2407 1521 2472 specie
1540 2409 1675 2458 externae

330 2495 463 2558 genuinis,
484 2506 552 2558 quse
565 2493 666 2544 multes
678 2496 742 2544 tunc
755 2494 807 2544 iem
821 2493 953 2554 viderem,
969 2492 1048 2557 longe
1061 2493 1227 2544 distantium.
1255 2493 1364 2543 Praeter
1381 2493 1430 2544 hes
1443 2497 1537 2559 postea
1550 2494 1675 2544 Perusiae
1687 2551 1693 2558 Ι

330 2581 421 2631 inveni
440 2580 517 2642 dues,
544 2591 662 2643 querum
680 2591 762 2629 unam
778 2592 806 2628 n.
822 2575 870 2628 49*
888 2579 1012 2630 eiusdem
1031 2579 1140 2643 generis
1159 2592 1219 2629 esse
1237 2578 1304 2628 mibi
1322 2581 1436 2642 constet,
1457 2578 1542 2629 altere
1561 2592 1588 2628 n.
1603 2579 1675 2629 490*

329 2666 438 2716 videtur
451 2677 519 2716 esse.
546 2665 633 2715 Fusae
645 2667 709 2714 sunt
721 2663 832 2729 quidem
845 2665 916 2716 sicut
928 2665 1069 2729 antiquae,
1084 2663 1133 2716 sed
1146 2665 1250 2714 litterae
1264 2667 1355 2729 postes
1368 2663 1478 2715 ndditee
1489 2667 1553 2715 aunt
1565 2677 1676 2716 earnm-

329 2765 383 2816 que
402 2753 494 2803 bastae
513 2753 549 2802 lte
562 2751 693 2810 eminent,
707 2753 738 2801 ut
749 2751 836 2801 cultro
851 2753 974 2802 exsectae
986 2763 1046 2802 esse
1058 2753 1195 2816 apparent.
1216 2749 1354 2814 Robiginis
1365 2749 1467 2800 hebent
1481 2763 1535 2800 non
1549 2750 1674 2810 multum,

329 2840 366 2888 ite
385 2841 415 2889 ut
433 2851 466 2888 ex
485 2851 515 2888 ee
535 2850 564 2887 re
584 2838 610 2886 in
630 2839 754 2886 neutrum
768 2839 873 2900 portem
892 2839 959 2888 certi
977 2837 1080 2901 aliquid
1094 2836 1222 2887 concludi
1235 2837 1334 2902 possin
1357 2837 1475 2887 attamen
1495 2836 1675 2897 hocconstet,

330 2927 358 2975 in
378 2924 451 2974 nulia
470 2923 566 2974 harum
585 2921 724 2987 glandium
743 2921 895 2987 robiginem
912 2926 1018 2974 exstare
1037 2923 1132 2984 telem,
1161 2922 1250 2987 qualis
1268 2923 1323 2972 situ
1345 2922 1474 2972 diuturno
1493 2926 1631 2973 excrescet
1649 2925 1676 2972 et

329 3009 452 3061 ieieitatis
476 3010 658 3075 suspicionem
678 3009 815 3059 excludet.
841 3036 875 3046 -
896 3011 964 3059 item
982 3009 1132 3060 litterarum
1157 3008 1271 3071 iormee,
1297 3022 1367 3072 quae
1395 3009 1536 3059 imitentur
1557 3009 1674 3072 quedem

329 3099 409 3148 enus
426 3095 491 3146 belli
504 3094 610 3145 socinlis
623 3093 735 3158 glandes
748 3095 906 3156 Asculanos,
928 3095 1007 3159 piene
1019 3097 1124 3145 certum
1144 3093 1246 3144 fraudis
1258 3095 1449 3157 argumentum
1462 3107 1516 3143 non
1531 3092 1672 3156 praebent,

329 3181 435 3232 tametsi
454 3182 636 3244 suspicionem
656 3183 767 3231 movent
791 3195 817 3230 n.
831 3178 864 3230 4*
877 3179 1001 3242 (maxime
1020 3179 1062 3240 M,
1087 3178 1182 3244 qneles
1200 3191 1265 3229 sane
1285 3181 1312 3227 ln
1332 3180 1452 3228 nummis
1469 3179 1575 3242 angusti
1594 3180 1673 3243 spatii

330 3267 375 3318 bic
398 3267 453 3317 illic
475 3266 658 3328 inveniuntur)
683 3268 711 3316 et
733 3266 755 3315 G
779 3267 806 3316 in
831 3279 857 3317 n.
871 3263 914 3327 9¹,
939 3264 1040 3328 quibus
1063 3265 1134 3316 eddo
1158 3267 1290 3330 punctum
1317 3267 1344 3315 in
1363 3277 1390 3314 n.
1406 3261 1437 3312 s*
1455 3268 1574 3315 extrema
1596 3269 1673 3330 perte

328 3353 443 3404 adverse
461 3353 589 3416 postium.
610 3376 641 3388 -
660 3350 712 3402 Sed
730 3351 867 3402 accedunt
884 3352 938 3402 elie
956 3351 1071 3410 indicis,
1098 3364 1167 3414 quae
1187 3351 1285 3400 melam
1304 3349 1386 3400 fldem
1403 3361 1516 3414 prorsus
1534 3353 1670 3401 evincant.

330 3439 477 3490 Glandium
496 3451 521 3486 ιι,
539 3431 580 3487 4*.
593 3435 635 3486 qs,
650 3431 691 3486 9*.
708 3433 767 3488 tuit.
785 3433 843 3486 49*1
859 3435 909 3486 49*
921 3435 1064 3501 plumbum
1079 3435 1193 3486 informe
1212 3439 1254 3485 eet
1272 3437 1343 3485 sicut
1358 3436 1384 3484 iu
1403 3436 1527 3499 genuinis
1546 3435 1675 3485 mutilatis

329 3527 462 3575 ettamen
475 3524 615 3588 inscriptio
628 3524 730 3585 integre
744 3525 845 3582 exstet;
866 3527 959 3573 contra
973 3523 1070 3574 berum
1090 3535 1115 3572 n.
1128 3517 1170 3572 9*.
1191 3519 1233 3572 bit.
1257 3517 1305 3570 44*
1323 3519 1467 3586 plumbum
1486 3533 1549 3570 cum
1568 3521 1673 3584 glandis

330 3611 447 3661 formem
466 3613 492 3660 et
509 3611 697 3672 symmetriam
722 3608 829 3671 planem
854 3607 995 3670 exhibent,
1022 3609 1164 3673 inscriptio
1182 3621 1280 3658 mance
1297 3611 1348 3658 est.
1384 3607 1506 3666 Quorum
1526 3609 1672 3672 utrumque

331 3698 358 3746 in
377 3697 494 3759 genuine
512 3692 608 3758 glande
627 3692 726 3744 iactum
745 3698 786 3744 est
805 3693 892 3758 nulle,
920 3696 947 3744 in
966 3696 1066 3760 spuriis
1084 3698 1176 3746 eutem
1195 3693 1274 3745 facile
1292 3692 1450 3758 explicetur.
1488 3693 1583 3756 Atqui,
1610 3705 1673 3743 curo

330 3782 397 3832 heec
415 3782 500 3832 series
517 3793 599 3830 unam
617 3783 698 3844 etque
716 3780 831 3831 eandem
850 3779 987 3832 officinam
1005 3781 1148 3833 muniieste
1166 3781 1271 3846 prodat,
1292 3779 1334 3831 vel
1347 3779 1381 3830 ob
1400 3779 1453 3829 boc
1464 3778 1553 3829 solum
1568 3783 1674 3831 ceterae

331 3879 440 3931 quoque
459 3878 513 3916 non
526 3867 617 3916 minue
630 3879 710 3930 quem
729 3879 828 3916 novem
847 3867 908 3916 illue
927 3867 1151 3918 condemnandus
1170 3869 1242 3918 sunt.
1255 3865 1405 3916 -Deinde
1418 3863 1454 3914 ud
1466 3865 1675 3931 inscriptionum

331 3953 451 4016 ipserum
471 3950 591 4001 indolem
604 3951 812 4002 examinandum
831 3965 991 4017 progressus
1009 3967 1079 4004 sum.
1122 3953 1228 4013 Quibus
1245 3952 1402 4016 compositis
1420 3953 1447 4000 et
1464 3951 1535 4000 inter
1552 3965 1581 4002 se
1600 3965 1675 4002 com-

331 4037 433 4104 paretis
459 4035 578 4086 intellexi
599 4049 653 4086 une
677 4039 789 4100 excepta
809 4052 835 4087 n.
851 4037 883 4085 9*
902 4039 966 4098 Ital,
993 4052 1064 4103 quae
1088 4039 1145 4104 ipsu
1175 4043 1266 4104 specie
1290 4042 1401 4088 externa
1426 4033 1550 4087 Ireudem
1574 4037 1673 4102 prodit,

331 4122 434 4174 nuliam
453 4122 610 4184 ingenuino
627 4121 725 4186 glande
744 4122 883 4188 bucusque
903 4123 1009 4188 lectum,
1031 4125 1187 4189 complures
1205 4128 1295 4176 suum
1315 4125 1349 4173 ita
1368 4126 1539 4186 comperetes
1557 4135 1625 4185 esse,
1646 4127 1676 4173 ut

331 4221 422 4276 perse
440 4221 574 4260 summum
588 4210 770 4274 suspicionem
784 4213 924 4262 moverent
935 4211 979 4262 vei
997 4224 1110 4276 prorsus
1125 4212 1296 4263 damnandae
1315 4211 1415 4260 essent.
1452 4206 1599 4258 Videamus
1618 4209 1675 4258 sin-

332 4295 418 4360 gulae.
455 4293 534 4354 Quod
553 4295 580 4344 in
599 4293 692 4346 ιι.44*
710 4297 812 4358 exstat,
838 4296 904 4359 seri,
937 4297 1034 4361 legitur
1055 4298 1166 4362 quidem
1184 4300 1212 4348 in
1237 4299 1362 4361 genuinis
1386 4293 1494 4354 multis,
1526 4307 1676 4358 numquam

331 4385 423 4432 umen
443 4393 497 4430 non
520 4380 612 4431 addito
636 4381 794 4432 accusativo
819 4382 1134 4446 dementissimus,
1159 4384 1210 4447 seri
1229 4385 1283 4434 Pie.
1304 4397 1331 4434 ιι.
1348 4385 1402 4443 49).
1446 4379 1556 4430 Ceteree
1581 4391 1675 4430 omnes

332 4466 525 4530 inscriptiones
543 4467 635 4518 edbuc
654 4479 706 4517 non
725 4470 849 4532 repertus
870 4471 935 4520 sunt
952 4471 1003 4520 nisi
1029 4471 1056 4520 in
1075 4471 1124 4537 bis,
1141 4468 1342 4536 exemplaribus
1366 4463 1557 4531 singularibus.
1601 4465 1674 4524 Qua-

333 4564 395 4601 rum
408 4553 495 4617 prime
516 4563 540 4600 n.
557 4548 589 4600 4*
609 4553 689 4602 licaeo
707 4553 819 4617 repetite
838 4557 880 4604 eet
892 4567 924 4604 er
938 4552 1002 4604 laisa
1017 4555 1131 4606 lectione
1144 4555 1248 4620 glandis
1264 4554 1412 4605 Asculanos
1422 4565 1472 4616 pro
1496 4563 1576 4606 ionii
1606 4554 1674 4618 (vide

332 4637 366 4687 ad
385 4651 412 4688 n.
428 4641 443 4686 9
461 4652 487 4703 p.
503 4637 557 4700 99).
595 4637 657 4689 Non
676 4639 797 4690 melioris
816 4638 885 4704 Irugi
903 4643 944 4691 eet
960 4641 1055 4706 heptee
1073 4641 1152 4694 haec:

487 4741 576 4803 400440)
596 4741 623 4790 44
640 4741 753 4802 4404400)
774 4741 805 4790 i*

487 4826 575 4890 440940)
594 4827 622 4876 44
638 4828 750 4889 Italica)
769 4824 803 4877 4*

488 4911 553 4975 legio
575 4912 597 4962 V
613 4913 803 4974 macedonico)
819 4917 889 4976 0440)
906 4913 995 4977 selae)
1015 4913 1046 4962 6*

488 4997 541 5060 lep(
546 4998 574 5058 ’0)
601 4999 631 5048 VI
647 4999 773 5061 amau)
793 4997 825 5048 9*

488 5083 576 5146 inpio)
598 5083 650 5133 XII
663 5085 826 5146 fulminatet
848 5085 894 5134 40*

489 5169 577 5232 440940)
598 5169 686 5220 XVIII
699 5173 799 5234 flrfmn)
821 5169 869 5219 44*

489 5255 579 5319 inpio)
600 5256 677 5306 XXX
699 5257 792 5318 Vsipis)
811 5259 931 5318 vlictrinl
956 5260 998 5307 49·
