3706 5976
815 1840 865 1908 ll.

489 2008 790 2100 GLANDES
831 2010 1198 2102 ASCVLANAE

576 2188 633 2258 nr
660 2187 881 2272 aaarevau
909 2187 1107 2262 arcanas.

171 2331 345 2495 Glandes
367 2429 526 2487 Asculanas
548 2431 660 2499 primns
682 2430 772 2487 edidit
794 2448 869 2489 anno
896 2436 976 2489 loos
1001 2433 1086 2488 lanus
1109 2431 1263 2498 Gruterus,
1297 2431 1451 2502 Lipsianis,
1483 2436 1515 2485 ut

167 2535 280 2603 opinor,
309 2532 484 2605 apographis
498 2547 584 2601 usus;
612 2535 716 2591 melius
731 2535 843 2605 Lipsius
863 2537 926 2606 ipse
941 2533 1102 2607 publicavit
1116 2549 1191 2590 anno
1211 2538 1290 2591 ⁴605
1307 2533 1514 2591 Poliorceticon

168 2638 250 2692 tertia
274 2635 401 2692 editione
424 2634 500 2692 libro
523 2636 559 2692 lV
580 2652 608 2694 c.
629 2643 657 2708 3,
684 2636 735 2693 ubi
757 2623 894 2708 ‘aliquot,
925 2639 1034 2709 inquit,
1061 2653 1157 2709 nuper
1178 2643 1311 2708 repertae
1333 2643 1400 2694 sunt
1421 2653 1514 2709 prope

168 2737 305 2795 asculum
328 2741 356 2794 in
380 2737 498 2794 llumine
513 2724 643 2797 Triunto³
668 2733 755 2815 [corr.
775 2736 926 2814 Truentol.
975 2741 1072 2797 Paullo
1094 2745 1161 2812 post
1177 2740 1318 2810 Georgius
1341 2739 1515 2798 Gualtberus

167 2843 197 2896 in
228 2829 350 2898 ‘Siciliae
379 2846 515 2914 antiquae
544 2829 663 2900 Tabula³
684 2845 788 2900 iterum
821 2845 897 2900 edita
925 2845 1074 2900 Messanae
1105 2846 1184 2900 loti
1216 2843 1263 2898 vel
1293 2848 1372 2902 loro
1405 2860 1512 2901 comm.

168 2960 198 3016 p.
219 2949 256 3002 26
287 2939 383 3018 (editio
399 2949 502 3017 prima,
529 2948 613 3003 cuius
635 2952 701 3005 nola
725 2947 900 3018 exemplaria
922 2947 1004 3003 titulo
1020 2951 1128 3014 carent,
1154 2945 1190 3001 ad
1214 2946 1287 3002 haec
1303 2963 1361 3004 non
1384 2949 1513 3019 inspecta

166 3041 235 3123 est),
262 3053 335 3105 testo
352 3047 520 3106 Sebastiano
536 3047 771 3107 Andreantonelli
786 3049 930 3108 Asculano
953 3051 981 3104 in
996 3065 1082 3105 amne
1105 3048 1310 3106 Castellani
1334 3057 1430 3106 erutas
1451 3067 1514 3106 esse

167 3151 294 3222 tradidit,
320 3153 383 3224 ipse
405 3152 559 3208 nonnullas
576 3151 646 3208 vidit
661 3153 768 3209 Romae
790 3153 867 3224 apud
884 3153 1091 3211 lancellottum
1108 3152 1145 3208 de
1159 3152 1341 3208 lancellottis
1362 3155 1513 3223 patricium

167 3253 354 3311 Asculannm.
395 3254 475 3310 ldem
491 3252 760 3311 Andreantonellius
780 3248 803 3330 (l
813 3258 931 3312 osi—t
942 3247 1012 3331 oia)
1034 3255 1174 3310 Historiae
1190 3252 1351 3310 asculanae
1367 3255 1414 3310 ed.
1434 3259 1513 3312 ⁴673

167 3373 196 3428 p.
215 3361 252 3414 la
264 3343 440 3426 ‘Glandium,
460 3358 563 3429 inquit,
583 3374 660 3429 quae
676 3374 692 3413 e
708 3357 805 3412 fundis
820 3357 981 3427 vibrantur,
1001 3356 1131 3428 qnotidie
1147 3355 1274 3413 infinitus
1289 3373 1364 3428 pene
1376 3373 1515 3416 numerus

167 3459 263 3517 Asculi
286 3445 451 3532 reperitur',
485 3461 702 3530 inscriptionem
717 3467 814 3517 tamen
836 3462 1007 3517 memoravit
1029 3460 1149 3516 nullam.
1197 3461 1346 3528 liinioiuS,
1377 3463 1427 3531 qui
1450 3463 1515 3533 plus

168 3565 264 3619 minus
287 3563 426 3620 tredecim
449 3563 541 3619 edidit
562 3562 682 3632 glandes
697 3562 856 3620 asculanae
878 3566 1018 3634 genuinas
1038 3557 1120 3639 (colle
1137 3564 1248 3620 noticia
1261 3564 1385 3635 glioade
1399 3566 1511 3634 missili,

171 3659 406 3742 itas—tulo),
442 3681 491 3721 eas
522 3680 645 3736 quarum
674 3667 815 3738 originem
837 3666 975 3724 indicavit
1005 3667 1089 3738 lungo
1124 3658 1183 3742 (aut
1201 3659 1309 3742 presso)
1338 3667 1364 3723 le
1385 3671 1446 3741 ripe
1468 3669 1514 3724 del

170 3770 273 3826 Tranio
296 3773 427 3841 repertas
451 3784 515 3824 esse
538 3768 609 3825 dixit
636 3762 673 3845 (p.
696 3774 768 3826 203.
794 3774 867 3827 208.
893 3774 965 3828 2⁴3.
994 3762 1080 3844 2l6);
1110 3769 1161 3824 sed
1190 3784 1223 3824 ea
1246 3769 1352 3838 verba,
1380 3771 1441 3827 iere
1464 3789 1515 3828 re-

166 3875 254 3944 petita
278 3889 312 3928 ex
327 3873 424 3943 Lipsio
451 3865 500 3947 (ci.
519 3870 556 3926 ad
572 3886 602 3925 n.
625 3875 672 3938 ld,
694 3865 714 3946 ι)
743 3873 791 3926 vix
806 3872 889 3928 aliter
904 3871 1074 3942 accipienda
1090 3879 1175 3928 erunt
1191 3874 1246 3927 nisi
1261 3888 1353 3944 prope
1374 3871 1512 3930 Asculum

167 3979 298 4032 inventas
322 3991 401 4042 esse;
428 3990 512 4042 nam,
544 3979 576 4028 ut
598 3973 670 4028 inira
693 3971 872 4042 videbimus,
899 3976 929 4029 in
947 3975 1074 4032 Truento
1096 3975 1143 4030 vel
1170 3977 1234 4031 eius
1256 3979 1319 4045 ripa
1348 3977 1513 4034 rarissimae

166 4081 283 4135 omnino
305 4077 425 4150 glandes
447 4078 647 4147 reperiuntur,
681 4075 718 4132 de
739 4077 879 4149 ,inscripta
902 4083 999 4133 autem
1023 4083 1135 4135 constat
1158 4077 1244 4148 plane
1266 4079 1355 4135 nulla.

251 4179 341 4236 Annis
360 4181 439 4234 toll
458 4184 487 4234 et
506 4181 584 4234 taio
603 4193 669 4234 oum
693 4180 794 4250 ingens
816 4179 964 4250 glandium
988 4182 1190 4252 inscriptorum
1207 4179 1313 4239 Asculo
1332 4183 1515 4252 provenisset

166 4299 305 4341 numerus
334 4277 409 4358 (nam
431 4281 546 4337 lliuicio
568 4281 617 4334 vix
641 4281 764 4351 amplius
778 4281 864 4338 XXX
884 4284 1084 4350 innotuerant,
1111 4299 1234 4355 quarum
1257 4291 1364 4352 tamen,
1391 4291 1423 4340 ut
1446 4300 1472 4340 s.
1491 4286 1511 4341 l.

165 4385 294 4455 docebo,
327 4387 389 4441 iere
419 4382 537 4440 dimidia
568 4399 636 4453 pars
664 4385 735 4440 ialsa
767 4377 835 4462 est),
869 4388 931 4456 ipse
958 4387 1137 4444 Mommseno
1167 4393 1285 4443 auctore
1314 4385 1352 4443 ab
1382 4389 1514 4446 instituto

164 4490 386 4560 arclraeologico
401 4505 429 4542 a.
453 4489 532 4543 ldi‘l
548 4485 686 4543 Asculum
709 4491 815 4545 missus
837 4504 977 4546 unacum
994 4491 1066 4547 lulio
1083 4489 1221 4546 Gabrielli
1236 4487 1391 4558 Asculano,
1412 4507 1513 4549 museo

165 4589 313 4662 pr'aeiecto
336 4599 365 4648 et
387 4591 490 4646 harum
513 4605 611 4646 rerum
635 4592 664 4646 in
686 4593 787 4663 primis
803 4608 901 4664 gnaro,
922 4594 992 4663 qnid
1010 4595 1052 4649 rei
1076 4599 1153 4648 esset
1175 4593 1322 4665 inquisivi.
1355 4595 1514 4652 inveniun-

164 4703 211 4752 tur
226 4699 314 4768 igitur
327 4693 448 4766 glandes
464 4695 587 4749 maxime
603 4696 632 4750 in
648 4695 810 4764 Castellani,
830 4697 880 4766 qui
895 4695 1033 4752 Asculum
1050 4695 1201 4752 meridiem
1217 4711 1319 4753 versus
1339 4699 1411 4767 ripis
1426 4714 1513 4770 prae-

164 4801 257 4870 ruptis
280 4806 309 4856 et
330 4813 424 4868 usque
447 4797 483 4852 ad
507 4797 556 4852 XL
579 4803 669 4853 metra
696 4799 760 4854 altis
790 4797 971 4869 praeteriluit
1001 4807 1030 4856 et
1059 4801 1088 4855 in
1118 4799 1217 4870 oppidi
1246 4801 1351 4871 angulo
1382 4803 1515 4858 orientali

163 4902 290 4959 Truento
319 4903 473 4968 miscetur,
500 4899 583 4956 alveo
606 4903 674 4969 imo,
701 4903 752 4973 qui
775 4917 810 4956 ex
833 4902 891 4959 toio
914 4905 981 4960 vivo
1012 4909 1133 4961 constat.
1183 4901 1309 4960 Glandes
1332 4919 1367 4958 ex
1390 4903 1514 4961 declivi-

163 5005 219 5062 bus
241 5007 318 5075 agris
338 5004 442 5060 vicinis
464 5000 600 5058 imbrium
616 5005 645 5059 vi
661 5003 831 5076 deportatae
853 5008 882 5060 in
898 5003 1007 5063 ilumen
1030 5008 1059 5062 in
1083 5007 1204 5077 eiusque
1220 5006 1342 5062 lundum
1365 5008 1513 5079 paullatim

164 5108 315 5165 devolutae
338 5111 367 5164 in
396 5108 445 5165 toli
469 5107 592 5164 sinubus
622 5109 764 5179 plicisque
795 5109 937 5167 siderant.
986 5110 1029 5168 lbi
1052 5125 1106 5168 nos
1129 5127 1159 5166 a.
1184 5113 1264 5168 ⁴877
1288 5111 1376 5166 trium
1399 5110 1513 5167 dierum

168 5206 231 5285 (lt).
253 5216 302 5268 ll.
325 5217 360 5270 li
386 5205 478 5286 Sept.)
507 5213 726 5283 investigatione
756 5214 884 5270 eruimus
913 5214 1034 5287 glandes
1057 5213 1261 5282 ccxxxvlu,
1287 5229 1411 5285 quarum
1434 5214 1513 5271 solae

164 5315 240 5372 duae
268 5311 306 5390 (n.
337 5319 372 5372 lo
403 5321 432 5372 et
467 5307 513 5388 18)
549 5317 771 5388 inscriptiones,
809 5323 945 5387 quattuor
974 5321 1035 5376 iere
1065 5323 1175 5375 incerta
1204 5317 1365 5373 litterarum
1394 5319 1513 5388 vestigia
