3772 5992
680 571 838 622 4444444
858 571 1009 622 savaria.
1470 559 1518 632 99

239 764 262 826 c)
284 762 403 814 Nomina
420 761 545 813 virorum
563 761 710 812 illustrium
729 761 793 812 inde
812 774 827 812 a
844 761 944 812 Marcio
957 761 1099 814 Coriolano
1117 767 1144 814 et
1158 764 1238 830 Furio
1251 762 1365 814 Camillo
1384 763 1519 828 usquead

162 849 201 898 ll.
223 849 375 900 Antonium
399 860 455 900 cos.
477 848 513 898 ili
531 848 597 912 imp.
618 848 667 899 llll
686 848 704 898 4.
724 861 748 899 4.
774 848 810 898 44
829 860 931 899 annum
954 861 1060 914 pugnae
1087 849 1212 901 Actiacae
1232 847 1276 914 (ci.
1301 850 1519 933 Monotstertctte

164 937 237 994 4444
257 948 284 1000 p.
300 937 358 997 eei:

258 1047 388 1110 4444444444)
410 1055 609 1101 coaiotanvs
794 1047 1022 1110 4444444444αεῖ)

301 1131 431 1196 utereturi
451 1131 644 1195 comotione)
795 1132 982 1194 caventur)

257 1219 371 1282 4844444)
396 1219 538 1285 4444444444)
793 1217 1009 1279 4444444444
1026 1219 1115 1281 Heni)

258 1307 384 1368 4444444444
406 1304 582 1368 routpertus)
601 1311 670 1359 4444
683 1313 737 1360 aa.)
795 1303 930 1368 44444444)
951 1305 1117 1368 sarariam)

259 1391 460 1455 0444444444)
482 1391 627 1454 uvstcinar)
795 1390 936 1454 4444444444)
958 1391 1062 1455 avator)
1085 1403 1135 1445 rur

258 1468 453 1540 animatione}
481 1477 609 1540 44444444)
790 1477 1141 1542 ra·arrr(ontor)·c(os)·nr
1162 1472 1166 1547 Ι
1187 1489 1304 1530 44444
1322 1483 1392 1538 (reim
1405 1473 1474 1540 4444)

242 1591 267 1653 4)
286 1590 316 1642 Τ.
331 1588 459 1640 Airanius
471 1591 499 1639 44
511 1588 659 1640 4444444444
670 1589 715 1639 bie
728 1588 855 1652 leguntur
867 1603 901 1640 44
912 1589 1020 1653 vulgata
1032 1591 1170 1655 scriptura
1187 1587 1252 1640 laisa
1275 1589 1332 1653 (pro
1351 1587 1476 1640 Lafrenio
1495 1593 1523 1640 et

167 1676 331 1738 Vidaciiio);
352 1676 383 1726 T.
397 1675 528 1725 44444444
541 1673 601 1735 444,
617 1677 666 1724 tas
679 1675 714 1724 al.
729 1676 860 1740 repetitus
878 1677 964 1726 44444
978 1675 1156 1740 inscriptione
1167 1674 1343 1728 Fabrianensi
1360 1675 1458 1740 (Orellii
1472 1678 1521 1726 494

224 1765 301 1824 etit)
329 1765 456 1826 suspecta
484 1761 602 1824 (Henzen
627 1775 654 1825 p.
675 1761 746 1824 844),
774 1763 838 1811 item
863 1762 924 1812 Sex.
945 1761 1055 1812 Netrius
1080 1760 1138 1826 444,
1160 1766 1208 1812 444
1227 1761 1263 1812 al.
1291 1775 1325 1812 ex
1350 1760 1523 1812 Fabrianensi

167 1849 264 1900 Oreiiii
282 1851 350 1898 4444
374 1847 446 1898 maie
469 1847 538 1898 lecta
564 1847 684 1910 (ilenzen
703 1859 729 1912 p.
746 1849 810 1907 448,
834 1846 868 1898 ci.
885 1861 912 1897 n.
928 1849 1017 1912 4444).
1058 1847 1099 1898 Ex
1123 1849 1220 1899 ceteris
1245 1849 1407 1898 commentis
1430 1848 1524 1898 multis

167 1934 290 1988 suifioiat
307 1947 476 1984 memorasse
495 1931 583 1983 444444.
601 1933 706 1996 superb.
729 1933 771 1996 (eu
788 1933 908 1996 Vergilio
929 1934 995 1984 ben.
1018 1938 1042 1996 4,
1058 1937 1107 1984 844
1127 1938 1280 1998 sumptum,
1307 1933 1342 1984 ci.
1363 1935 1521 1986 Mercator.

170 2025 240 2072 4874
259 2035 285 2088 4.
302 2022 342 2082 ts)
365 2023 392 2070 et
410 2021 476 2072 edita
492 2023 582 2071 misera·
599 2019 635 2070 ad
653 2018 754 2070 tamem
771 2019 947 2071 obsessorum
970 2019 1082 2083 (scilicet
1099 2020 1232 2084 Perusiae)
1251 2019 1387 2072 alludens.

243 2127 267 2188 4)
293 2124 333 2175 Ex
355 2124 463 2174 llinicio
483 2123 509 2173 in
527 2137 608 2174 usum
626 2136 708 2174 sunm
730 2121 855 2174 falsarius
879 2124 960 2174 vertit
985 2137 1040 2174 non
1064 2122 1136 2175 solas
1157 2123 1307 2174 Asculanos
1332 2124 1523 2189 inscriptiones

168 2211 221 2264 sed
233 2212 391 2278 promiscue
404 2210 484 2260 etiarn
497 2211 618 2260 ceteras:
643 2209 762 2261 Siculam
776 2210 890 2274 Pisonis,
910 2210 1064 2270 Perusinas,
1079 2209 1230 2261 Cumanam
1244 2213 1303 2274 444,
1324 2209 1443 2276 deniqne
1455 2210 1523 2262 adeo

169 2299 363 2350 Atheniensem
385 2297 513 2360 (ΔΕΞΑΙ),
539 2299 567 2346 44
590 2297 618 2346 44
643 2297 676 2346 444
697 2295 843 2361 glandibus
861 2295 995 2359 exhibuit,
1021 2309 1091 2360 quae
1109 2300 1200 2346 tamen
1218 2296 1371 2348 4444444444
1389 2299 1416 2348 44
1434 2301 1525 2348 essent

173 2387 200 2450 (a
218 2385 316 2435 ceteris
335 2385 393 2448 4444
412 2381 498 2434 torma
514 2382 653 2445 distantes]
675 2386 702 2434 et
718 2383 936 2434 avenditoribns
954 2395 1015 2434 esse
1033 2382 1199 2434 dicerentur.
1236 2382 1296 2434 Nou
1314 2383 1402 2448 magis
1419 2385 1524 2434 curavit

171 2470 365 2522 Italicorumne
382 2483 418 2520 an
436 2470 622 2520 Romanorum
641 2469 781 2534 inscriptio
799 2468 889 2520 inerit.
926 2469 1004 2520 Vnde
1022 2467 1124 2520 lactum
1142 2471 1195 2528 444,
1220 2472 1252 2519 44
1269 2470 1392 2520 omnium
1415 2468 1524 2521 iliarum

171 2557 313 2621 regionum
337 2555 528 2619 inscriptiones
545 2553 688 2605 Asculanis
712 2555 739 2604 in
758 2553 903 2618 glandibus
927 2555 1063 2617 redirent,
1088 2555 1156 2620 quin
1180 2557 1262 2606 etlam
1286 2555 1389 2620 aliquot
1412 2555 1524 2619 glandes

171 2644 343 2706 emergerent
360 2640 523 2692 Asculanam
542 2653 606 2692 cum
619 2642 750 2692 Perusina
768 2643 815 2692 aut
834 2641 955 2692 italicam
974 2655 1038 2694 cum
1049 2642 1170 2693 ilomena
1187 2642 1349 2694 coniunctas
1366 2641 1525 2694 exhibentes

175 2728 220 2792 (ci.
234 2743 275 2780 44.
291 2741 331 2792 gr.
346 2727 509 2792 Bergkianes
528 2723 588 2789 444,
604 2731 645 2777 44.
668 2730 700 2776 48
726 2730 753 2778 44
773 2728 917 2792 Berginium
937 2728 1006 2780 Sciit.
1026 2732 1182 2793 444-48,
1209 2731 1255 2794 qui
1281 2741 1316 2778 ne
1340 2727 1390 2779 bas
1413 2727 1525 2794 quidem

172 2827 237 2866 suas
255 2814 370 2879 glandes
388 2813 529 2864 damnavit
546 2815 614 2864 mira
632 2814 856 2879 interpretatione
879 2815 967 2878 usus).
989 2841 1020 2852 -
1046 2815 1241 2879 Pierarnmqne
1259 2815 1392 2866 ilsculana
1416 2816 1491 2878 origo
1509 2830 1525 2866 a

174 2899 364 2953 venditoribus
376 2911 430 2950 nou
443 2903 485 2951 est
497 2900 680 2962 dissimulem
701 2901 851 2952 immensus
864 2914 995 2952 numerus
1008 2914 1042 2952 ne
1054 2901 1239 2966 suspicionem
1252 2904 1385 2960 moveret,
1405 2902 1525 2966 primurn

173 2989 202 3038 in
220 2987 317 3050 vulgus
335 2989 503 3052 sparserunt,
524 2984 657 3037 fossiones
676 2999 764 3052 nuper
780 2988 809 3038 in
828 2988 905 3038 alveo
919 2987 1064 3038 Castaliaui
1083 2985 1167 3038 iactas
1186 2999 1258 3037 esse:
1291 2999 1324 3037 ac
1343 3000 1373 3037 re
1384 2989 1524 3038 veretum

173 3072 324 3140 permultae
348 3072 387 3124 ibi
412 3072 526 3138 glandes
549 3075 672 3137 repertae
691 3076 757 3124 sunt
778 3075 813 3138 (p.
828 3077 843 3122 4
857 3075 921 3139 44),
942 3077 970 3124 44
986 3073 1133 3138 inscriptae
1154 3073 1348 3138 paucissimne;
1375 3072 1525 3124 44444444

175 3158 370 3222 contegerunt,
395 3161 427 3210 nt
451 3159 563 3224 glandes
587 3157 622 3209 ab
641 3159 739 3210 comite
757 3159 868 3224 ilrpinio
893 3173 942 3224 per
960 3159 1061 3210 multos
1084 3171 1171 3209 annos
1192 3158 1319 3209 collectas
1344 3160 1398 3208 iam
1417 3159 1525 3209 venisse

178 3247 346 3308 (4444444444.
362 3248 428 3294 4844
446 3259 475 3310 4.
490 3244 531 3308 44)
553 3247 709 3296 narrarent:
743 3244 815 3296 banc
838 3258 943 3296 meram
961 3257 1021 3296 4444
1045 3243 1164 3295 tabulam
1183 3257 1199 3294 4
1217 3245 1417 3308 negotiantibus
1434 3243 1525 3294 fictam

174 3331 266 3384 444444
279 3332 400 3397 comperi
417 3331 487 3395 [vide
504 3331 540 3382 ad
552 3345 579 3380 n.
596 3329 666 3394 stili.
680 3358 716 3368 —
727 3331 940 3396 Nonnumquam
959 3333 1050 3382 tamen
1068 3331 1150 3382 etiam
1163 3331 1295 3394 originem
1313 3330 1407 3382 ialsam
1420 3331 1525 3382 mentiti

174 3420 239 3470 sunt
256 3431 320 3468 cnm
332 3417 453 3468 variandi
472 3419 559 3482 gratia
578 3419 636 3468 tum
654 3420 685 3467 ut
703 3417 787 3468 merci
806 3419 925 3482 pretium
943 3421 1081 3481 augerent.
1115 3417 1152 3467 lta
1165 3415 1299 3481 qrreedam
1318 3417 1391 3482 apud
1404 3417 1526 3468 lintrium

175 3507 203 3555 44
221 3505 384 3555 blaceratam
407 3507 529 3568 repertae
551 3516 611 3554 esse
629 3503 717 3554 dictae
735 3506 798 3554 sunt
820 3503 891 3567 (vide
910 3503 944 3554 44
964 3501 1021 3564 444,
1039 3507 1063 3552 4.
1085 3499 1157 3567 844),
1184 3502 1352 3554 Vrbisaiviae
1370 3500 1431 3564 8⁴¹⁶,
1458 3503 1525 3554 Cor-

176 3593 256 3640 tonae
275 3589 336 3652 w,
358 3590 432 3655 apud
451 3589 541 3642 lacum
559 3591 750 3642 Trasimenum
769 3587 828 3652 4444,
848 3589 921 3655 4444
940 3589 1074 3652 84444444
1092 3588 1193 3640 Galliae
1212 3587 1261 3639 8444
1279 3587 1314 3641 44.
1329 3585 1388 3653 8444
1410 3589 1527 3654 denique

175 3677 246 3729 duae
266 3677 324 3738 444,
347 3681 356 3726 4
374 3680 426 3728 444
445 3677 557 3728 btbenis
577 3679 735 3743 provenisse
753 3675 886 3728 iaruntur.

247 3780 394 3832 Glandium
412 3780 611 3832 Asculanarum
635 3781 833 3832 commercium
857 3793 940 3846 quam
958 3780 1010 3830 late
1029 3780 1161 3844 patuerit,
1188 3791 1220 3830 44
1240 3777 1343 3842 sylloge
1362 3777 1432 3830 inira
1451 3780 1524 3832 edita

177 3867 255 3919 iacile
273 3870 354 3932 patet.
390 3867 532 3918 Praeterea
551 3867 585 3918 de
603 3865 778 3930 hominibus,
803 3867 851 3931 qui
869 3880 976 3918 merces
999 3866 1058 3917 illas
1077 3877 1282 3932 quoqueversus
1304 3865 1525 3926 divendiderunt,

177 3953 245 4005 mibi
263 3953 347 4004 relata
366 3956 429 4004 sant
451 3953 526 4004 baud
550 3966 649 4020 pauca;
677 3966 771 4004 eornm
796 3967 851 4004 non
875 3953 994 4004 alienum
1013 3966 1030 4004 a
1047 3965 1076 4002 re
1099 3950 1181 4002 inerit
1203 3963 1417 4004 commemorare
1441 3953 1524 4005 haee:

177 4040 372 4092 leuardentius
391 4052 463 4090 anno
476 4043 542 4091 4844
557 4040 624 4090 mihi
644 4040 757 4091 miserat
774 4039 901 4103 glandem
921 4051 967 4092 444
985 4039 1145 4104 inscriptam
1160 4041 1191 4089 ut
1208 4036 1352 4088 manilasto
1371 4039 1527 4104 spuriarum

177 4127 316 4192 specimen
339 4126 374 4190 (n.
391 4123 483 4188 tito*);
505 4129 587 4191 atque
606 4141 638 4178 aa
655 4125 779 4193 proiecto
792 4138 881 4191 nequa
899 4124 1013 4190 plumbo
1026 4138 1116 4190 neque
1136 4125 1233 4176 litteris
1246 4125 1382 4176 noviciam
1395 4127 1529 4190 originem

177 4197 330 4262 ullomodo
344 4195 506 4263 dissimulat.
537 4213 593 4264 iam
607 4227 672 4264 vero
691 4227 715 4264 a.
730 4217 795 4262 4844
814 4211 908 4263 Asculi
924 4213 1103 4264 Venturinius
1121 4209 1226 4263 auriiax
1244 4209 1371 4274 glandem
1390 4211 1429 4262 iili
1448 4212 1528 4276 plane

179 4298 315 4362 geminam
335 4299 372 4360 (n.
387 4297 461 4362 gqgs)
483 4299 549 4350 mibi
568 4299 645 4351 dedit
661 4300 760 4351 eodem
780 4299 911 4360 consitio,
940 4301 957 4350 4.
973 4313 995 4352 4.
1009 4303 1039 4350 44
1056 4311 1120 4349 cum
1138 4295 1282 4363 glandibus
1300 4297 1370 4348 maie
1390 4298 1417 4347 in
1436 4299 1528 4364 suspi-

180 4385 288 4434 cionem
307 4385 413 4436 vocatis
432 4384 596 4448 conferrem,
625 4387 730 4438 addens
754 4399 783 4438 se
809 4386 861 4436 tria
880 4385 1047 4451 exemplaria
1065 4385 1125 4436 eius
1148 4383 1277 4435 talearum
1299 4385 1399 4448 speciei
1421 4385 1529 4438 vidisse.

179 4468 317 4521 Conflatae
335 4473 398 4522 sunt
415 4471 512 4524 ambae
530 4472 574 4524 val
593 4475 649 4525 tres
661 4486 694 4524 eo
713 4471 856 4524 consiiioa
876 4470 986 4523 falsario
1005 4472 1119 4535 eiusque
1137 4470 1229 4530 sociis,
1248 4471 1279 4518 ut
1295 4473 1449 4521 commenta
1468 4484 1527 4531 sna,

178 4558 230 4609 ie.
245 4557 433 4621 inscriptiones
451 4560 575 4610 noviciae
589 4561 616 4610 in
629 4559 749 4624 antiquis
762 4558 908 4624 glandibus
921 4571 1046 4618 excusae,
1060 4555 1219 4607 bominibus
1231 4553 1338 4606 iaciiius
1350 4557 1529 4621 imponerent

176 4669 213 4678 -
222 4643 326 4694 Deinde
339 4643 516 4697 Venturinius
529 4659 573 4696 me
586 4647 681 4698 docuit
691 4646 833 4710 glandium
846 4647 1021 4712 antiquarum
1030 4642 1204 4707 superficiem
1216 4640 1295 4706 longo
1308 4643 1362 4693 situ
1372 4645 1428 4694 tarn
1438 4643 1529 4720 obdu·

179 4731 266 4780 ratam
284 4743 354 4792 4444,
373 4734 412 4790 44,
434 4733 457 4782 44
473 4731 551 4798 glans
572 4733 733 4794 lervefieret,
754 4734 870 4785 interius
883 4732 1027 4800 plumbum
1045 4728 1222 4794 liqueiactum
1235 4727 1390 4793 proiiueret,
1410 4733 1530 4782 exterius

177 4817 268 4866 autem
278 4821 386 4868 crustae
399 4819 487 4870 instar
496 4819 598 4873 durum
610 4824 772 4874 remaneret.
792 4819 867 4872 idem
878 4821 958 4888 piane
971 4816 1148 4870 Fenardeutio
1158 4815 1316 4868 venditores
1329 4815 1527 4880 indicaverant,

251 5079 273 5140 44
295 5075 333 5130 Ci.
350 5078 450 5131 Caesar
467 5080 494 5133 b.
511 5083 563 5138 civ.
579 5087 590 5136 l
605 5088 648 5136 ta:
682 5086 710 5136 id
728 5089 851 5153 oppidum
865 5086 1004 5152 (Asculum
1019 5081 1158 5146 Picenum)
1173 5079 1298 5134 tentatus
1311 5077 1435 5142 Spinther
1446 5082 1533 5131 decem

182 5163 325 5214 cohortibus
344 5169 454 5219 4444444.

250 5253 274 5312 2)
296 5250 382 5303 Etiam
402 5258 496 5320 postea
514 5273 596 5325 quarn
616 5261 689 5313 hanc
704 5267 805 5319 seriem
824 5265 865 5317 sic
884 5261 1075 5332 explicandam
1089 5273 1149 5314 4444
1167 5253 1327 5318 monstravi,
1348 5253 1534 5317 Desjardinius

181 5335 209 5386 et
220 5335 348 5401 Berglius
361 5340 389 5391 in
403 5343 462 5395 suis
476 5345 749 5414 interpretationibus
762 5356 841 5408 miris
859 5351 1081 5424 perseverabant.

1090 5476 1102 5559 Ξ
1127 5470 1251 5558 3:⁰2²?
1273 5430 1332 5544 ἶπῗῑ
