3706 5976
726 585 926 636 55555555.
1143 565 1145 569 ⁴
1404 597 1501 645 xxxr

200 751 304 832 dium,
342 763 530 835 excerptum
561 775 602 816 ex
631 755 770 836 catalogo
798 757 1016 835 51155115ιί,
1050 758 1092 819 lo.
1118 755 1199 820 Lud.
1224 758 1390 838 Vssingius
1420 759 1498 820 mihi

198 854 338 937 benigne
361 856 537 918 transmisit
560 855 691 920 48155.
718 857 813 918 4883.

156 958 392 1039 8555554455,
418 977 563 1022 museum
585 959 622 1022 de
642 959 674 1021 lo
691 961 777 1021 Porte
797 959 834 1022 de
849 960 924 1039 Hal,
951 959 1037 1040 quod
1059 978 1123 1022 non
1145 959 1226 1039 adii,
1251 961 1393 1022 continet
1414 980 1502 1024 nnnc

199 1061 429 1142 supellectilem
451 1061 675 1142 antiquariam,
708 1079 804 1142 quam
826 1061 952 1143 collegit
974 1063 1009 1124 E.
1036 1061 1076 1125 de
1098 1065 1234 1126 lleester
1255 1061 1296 1124 de
1318 1065 1498 1126 llavestein.

201 1161 357 1238 (1155555,
384 1181 464 1243 ques
475 1164 632 1245 Bergkius
643 1164 749 1226 55551.
763 1165 864 1227 lllren.
883 1161 980 1248 55)56
1005 1165 1029 1245 (4
1037 1165 1109 1247 875)
1137 1183 1171 1245 p.
1189 1165 1229 1226 19
1246 1191 1288 1219 =
1304 1165 1498 1249 8541555559.

202 1285 235 1346 p.
255 1265 315 1326 445
340 1267 373 1327 15
396 1283 506 1328 55555
529 1264 667 1346 quodam
688 1266 812 1347 privato
835 1265 1066 1347 exstaredixit
1088 1276 1121 1330 ct
1141 1267 1224 1329 male
1246 1267 1421 1349 descriptas
1443 1287 1502 1330 ex·

201 1367 322 1446 hibuit,
355 1368 615 1431 Ravesteinianas
644 1386 714 1430 esso
743 1377 822 1450 puto
855 1367 908 1450 (ci.
934 1367 975 1432 55
1005 1387 1038 1430 5.
1056 1369 1125 1449 85).
1179 1371 1260 1431 Sunt
1289 1379 1395 1433 autem
1424 1371 1500 1432 hae:

201 1469 229 1550 4)
260 1489 303 1532 cn
325 1489 425 1533 55551
459 1468 505 1552 (.ιι
527 1469 577 1532 55.
603 1470 639 1552 11)
662 1469 757 1552 lton.
784 1490 818 1533 5.
844 1470 916 1552 86],
964 1471 995 1554 8)
1021 1491 1091 1533 arar
1112 1491 1131 1533 ιι
1151 1469 1156 1554 )
1176 1480 1234 1534 nvi
1268 1470 1349 1552 [lert.
1375 1491 1406 1534 n.
1430 1471 1497 1554 73),

200 1573 229 1654 8)
260 1591 328 1636 ·r.x·
353 1571 365 1653 )
386 1571 510 1656 gladius
542 1571 626 1652 [vide
649 1591 681 1636 5.
699 1574 739 1634 85
764 1572 899 1656 55554),
941 1573 970 1655 5)
997 1573 1271 1655 ιιι-1155315155
1293 1575 1364 1655 pli
1391 1573 1454 1655 [ed.
1474 1575 1499 1635 ll

199 1691 233 1753 p.
252 1673 304 1755 58]
337 1674 370 1734 15
392 1691 502 1736 musco
530 1674 700 1736 llavestein
730 1673 878 1756 glandem
909 1675 1041 1738 Etrusco
1071 1677 1257 1756 inscriptam
1285 1685 1411 1738 exstare
1433 1695 1502 1737 me·

200 1777 344 1838 5555544.
367 1809 412 1822 -·
433 1774 479 1837 54.
505 1774 546 1838 55
567 1781 607 1838 n.'
618 1776 674 1838 88.

156 1879 325 1958 455555,
358 1897 505 1941 museum
534 1879 762 1942 Britannicum.
808 1877 900 1940 Anno
924 1879 1006 1940 4875
1038 1881 1070 1941 15
1101 1898 1139 1941 55
1161 1879 1340 1942 examinavi
1362 1877 1501 1960 'glandes

199 1981 293 2059 CVll,
326 1979 541 2044 benivolentia
571 1981 700 2044 adiutus
736 2001 846 2044 eorum
876 1981 1033 2062 virorum,
1067 1983 1123 2062 qni
1152 1981 1251 2044 rebus
1280 1982 1420 2062 antiquis
1442 1981 1501 2044 ad-

203 2083 369 2146 servandis
390 2081 543 2164 praelecti
564 2093 651 2146 sunt.
697 2085 823 2147 Latinae
846 2093 921 2146 5554
943 2103 1072 2146 novem:
1098 2104 1131 2146 5.
1150 2086 1180 2164 6,
1199 2105 1272 2148 ss-sr
1296 2083 1504 2165 (praeteritas

198 2193 334 2248 testante
365 2185 468 2248 Count
490 2183 519 2247 d'
542 2184 676 2250 Albanio
706 2187 827 2249 451151
853 2187 933 2248 4863
966 2196 1044 2249 4555
1072 2187 1193 2251 nullam
1224 2205 1369 2250 museum
1399 2187 1503 2267 possi-

200 2287 297 2350 debat
313 2290 421 2350 Latine
444 2288 652 2370 inscriptam),
676 2309 709 2352 n.
728 2291 758 2366 1,
778 2309 821 2367 ιι;
850 2291 879 2368 9,
900 2308 942 2366 15;
972 2288 1032 2351 447
1052 2288 1181 2371 (5555.);
1208 2291 1278 2368 664,
1297 2311 1321 2352 ι.
1340 2307 1370 2364 ²3
1398 2286 1469 2369 677,
1488 2311 1501 2352 5

204 2389 335 2473 (spuria,
359 2401 396 2453 ut
416 2390 565 2474 videtur).
612 2393 805 2472 Saguntinas
827 2392 961 2453 Graecas
982 2390 1023 2454 55
1045 2411 1078 2453 5.
1102 2392 1154 2472 59,
1182 2393 1325 2473 lapillum
1348 2389 1394 2452 ibi
1416 2390 1503 2472 apud

200 2492 372 2556 liebertum
401 2493 510 2574 Ready
544 2501 722 2556 exstantem
750 2491 790 2555 ad
812 2511 844 2555 5.
863 2491 924 2554 97*
950 2493 1135 2556 memoravi.
1164 2529 1205 2539 —
1231 2494 1352 2574 Ectypa
1379 2493 1504 2556 51155-

201 2595 263 2678 555
287 2595 431 2658 45515555
453 2595 531 2657 mihi
553 2605 747 2660 curaverunt
767 2594 806 2658 Α.
832 2597 863 2658 S.
889 2579 1014 2677 Murray
1036 2604 1068 2657 54
1086 2596 1271 2659 'Guilelmus
1293 2595 1430 2677 Wriglrt.
1459 2629 1504 2642 -

201 2697 341 2764 Glandes
363 2717 435 2762 oum
458 2707 531 2761 ante
560 2697 622 2760 iter
649 2716 756 2760 meum
786 2698 929 2760 Italicum
959 2692 1151 2778 55514877,
1189 2715 1252 2779 quo
1281 2694 1417 2760 4515555
1447 2716 1504 2778 ge-

200 2802 310 2863 nuinis
333 2803 451 2864 certius
473 2799 657 2864 discernere
679 2798 789 2880 didici,
815 2801 1075 2881 examinaverim,
1101 2798 1235 2862 dubium
1254 2800 1331 2862 mihi
1347 2807 1501 2879 remanet,

201 2901 281 2983 quid
306 2902 346 2964 de
372 2921 405 2964 n.
426 2902 486 2962 447
510 2909 540 2965 54
561 2921 595 2964 n.
615 2901 716 2980 67*,s
746 2899 952 2964 statuendum
982 2903 1040 2978 sit,
1083 2902 1278 2983 reliquarum
1306 2900 1430 2964 indoles
1451 2900 1503 2964 vel

203 3023 244 3066 ex
266 3005 386 3084 ectypis
409 3013 496 3064 certo
519 3003 659 3066 discerni
681 3005 796 3086 potuit.

157 3104 376 3185 Licerpool,
409 3104 523 3184 Mavori
553 3123 699 3167 museum
727 3092 815 3168 nunc
837 3123 910 3168 cum
940 3123 1050 3168 museo
1080 3107 1265 3187 municipali
1288 3107 1501 3169 coniunctum.

200 3205 281 3270 Vide
304 3224 336 3268 n.
356 3206 408 3280 66,
427 3228 451 3269 ι.

157 3309 360 3373 Stonmore
381 3308 468 3371 11444
493 3307 600 3389 (Greci
622 3309 798 3391 Stocmore,
824 3307 1024 3392 1445545555),
1051 3309 1087 3371 G.
1111 3310 1147 3370 11.
1170 3310 1205 3370 Ε.
1228 3311 1388 3372 Fortnum.
1423 3309 1503 3372 Vide

200 3430 234 3474 5.
252 3412 293 3472 86
316 3421 381 3473 554.
408 3411 460 3489 69,
478 3430 504 3472 a.
530 3412 631 3488 66,ι;
658 3409 709 3490 78,
729 3431 754 3474 5.

199 3513 260 3575 Vbi
283 3513 374 3594 glans
396 3532 429 3574 5.
448 3512 501 3592 tc,
528 3530 625 3594 quam
648 3513 671 3574 1.
690 3513 723 3573 B.
743 3513 830 3576 Pinto
853 3512 1007 3596 possedit,
1033 3531 1120 3576 nunc
1143 3521 1255 3590 exstet,
1283 3513 1400 3574 nescio.

159 3617 286 3678 Poris.
333 3615 364 3696 5)
390 3616 520 3678 locere.
559 3614 651 3677 Anno
668 3615 750 3676 4858
774 3635 920 3678 museum
942 3615 1135 3697 possidebat,
1161 3623 1287 3696 praeter
1309 3614 1504 3695 exemplaria

200 3718 416 3799 anepigrapha
431 3717 552 3795 decem,
576 3715 708 3797 glandes
723 3717 857 3780 Graecas
873 3735 997 3796 novem,
1023 3717 1150 3779 Latinas
1165 3715 1245 3778 duas
1266 3715 1309 3796 (n.
1328 3715 1380 3796 68,
1399 3725 1459 3778 554
1474 3715 1496 3796 5)

201 3827 282 3882 45545
295 3819 452 3883 1155ιί555
468 3818 508 3881 55
521 3819 724 3900 Longperier,
744 3821 800 3899 qui
816 3819 942 3882 illarum
957 3820 1136 3900 apographa
1152 3837 1189 3880 eo
1204 3837 1286 3881 anno
1302 3837 1374 3880 curn
1389 3818 1502 3881 Fride-

202 3922 267 3983 rico
282 3920 452 3984 Ritschelio
475 3919 729 3984 communicavit.
752 3955 790 3966 -
805 3918 896 3984 14555
913 3921 995 3982 4859
1019 3929 1073 3984 554
1090 3921 1171 3981 4869
1196 3917 1328 4001 glandes
1348 3921 1503 3982 marchio-

201 4023 253 4084 nis
267 4021 426 4103 Campana
441 4041 550 4084 museo
572 4023 677 4113 illatae
699 4032 785 4085 sunt.
832 4023 948 4085 Earum
963 4031 1044 4086 teste
1061 4023 1170 4086 Carolo
1186 4020 1322 4102 Purgold
1338 4022 1404 4104 (qui
1421 4040 1504 4085 anno

204 4125 284 4185 4883
309 4125 386 4186 mihi
409 4123 583 4187 delineavit
604 4125 654 4186 vel
678 4133 791 4206 ectypa
820 4123 904 4204 45511)
924 4115 997 4188 'tres
1026 4145 1058 4188 5.
1079 4127 1109 4205 6,
1124 4146 1152 4190 es
1174 4133 1207 4186 54
1230 4125 1283 4202 89,
1302 4143 1315 4186 ι
1342 4133 1375 4186 54
1395 4125 1501 4202 tertia,

201 4225 321 4290 fulmen
342 4225 392 4308 [an
408 4245 638 4308 monogramma
654 4226 841 4308 Graecuml]
860 4226 1024 4307 exhibens,
1050 4228 1135 4290 55155
1150 4227 1307 4308 genuinae
1324 4235 1407 4304 5554,
1427 4227 1504 4288 reli-

202 4348 282 4410 quae
296 4328 484 4410 (complures
498 4349 545 4392 rra
560 4330 742 4410 inscriptae,
755 4329 795 4392 55
808 4327 926 4410 q'uihus
938 4349 971 4392 v.
984 4327 1025 4391 ad
1040 4348 1073 4390 n.
1085 4331 1115 4408 6,
1126 4349 1165 4410 es,
1187 4326 1306 4390 deinde
1321 4345 1352 4388 5.
1364 4325 1503 4388 334-644

202 4442 233 4494 54
256 4432 388 4494 fortasse
410 4450 464 4510 ea,
490 4449 586 4512 quam
608 4430 649 4494 ad
672 4451 705 4495 n.
724 4431 764 4492 38
787 4429 968 4513 memoravi)
995 4432 1122 4512 spuriae
1144 4437 1221 4492 sunt
1243 4446 1361 4491 omnes.

201 4533 228 4614 5)
257 4533 439 4596 0541455455
460 4533 629 4597 5545544455.
674 4532 754 4596 Vide
778 4552 811 4596 5.
830 4535 860 4613 6,
879 4553 920 4610 55;
948 4535 979 4613 9,
997 4554 1035 4596 st.
1054 4553 1093 4596 55.
1144 4532 1191 4594 ct.
1218 4550 1251 4592 5.
1269 4531 1310 4592 88
1327 4539 1391 4593 554.

202 4637 228 4717 5)
262 4635 349 4716 apud
371 4635 527 4698 lulianum
551 4637 667 4698 Greau.
713 4634 792 4698 Vide
816 4655 850 4696 5.
868 4637 937 4712 994,
956 4656 981 4698 5.
1002 4656 1037 4698 ro.

201 4736 232 4820 5)
259 4735 345 4818 apud
366 4736 556 4800 Feuardent.
601 4737 681 4800 Vide
704 4756 737 4800 n.
756 4735 827 4798 w.
854 4738 922 4798 W.
949 4736 1039 4799 llio'.

160 4841 446 4904 se-Germain.
492 4839 570 4903 Vide
600 4858 632 4902 n.
652 4842 735 4920 63,ι
766 4849 798 4903 54
827 4842 896 4917 964,
916 4859 940 4902 5.
988 4841 1117 4901 Praeter
1145 4838 1201 4900 has
1231 4847 1263 4899 54
1292 4837 1427 4899 Graecas
1454 4834 1504 4918 (de

201 4942 321 5024 quibus
343 4938 382 5004 54.
406 4941 546 5020 Vischer,
572 4941 725 5022 Schriften
747 4942 773 5003 ll
796 4961 829 5023 p.
848 4939 921 5022 878)
956 4941 988 5004 15
1012 4959 1049 5002 55
1072 4958 1182 5002 museo
1205 4947 1317 5022 ectypa
1340 4937 1505 5020 glandium

200 5046 303 5107 musei
326 5043 470 5106 Perusini
493 5052 617 5106 exstare
641 5044 791 5123 comperi.

157 5149 269 5228 Lyca.
316 5145 396 5209 Vide
418 5165 451 5207 5.
471 5145 541 5226 89“,
562 5165 632 5208 ι-ιι.

83 5265 90 5279 ·
161 5249 358 5312 75545555.
405 5247 484 5312 11155
506 5267 540 5311 5.
558 5249 628 5328 96“,
649 5267 671 5310 ι.

161 5353 357 5416 4545555.
403 5349 483 5414 Vide
505 5369 537 5413 5.
558 5349 628 5430 964,
647 5369 671 5412 5.
