3772 5992
869 567 1027 620 GLANDES
1047 567 1202 621 SPVRIAE.

855 689 1710 715 Ἥ

599 754 664 804 Mio.
679 753 734 804 tab.
750 755 772 804 ll
1075 762 1148 825 apud
1166 775 1216 814 nos

415 883 447 930 ⁵³
518 894 560 935 44
606 855 703 934 mk?
739 855 961 949 ἷέῗιέἶῗηῖῗῗιιῖῗ“
1118 887 1189 944 ⁶⁶›³
1221 891 1260 931 nr
1275 891 1326 932 nn

415 970 446 1017 41
518 980 580 1021 4.·44
1118 984 1148 1029 44
1220 991 1308 1034 4.·4444

416 1059 447 1104 54
524 1064 652 1106 4444444
1100 1071 1144 1118 444
1220 1076 1274 1120 444
1298 1079 1329 1120 444

415 1144 446 1189 44
520 1149 581 1192 cxu
1117 1159 1189 1216 44,4
1221 1161 1295 1206 oxu

415 1229 444 1275 44
520 1235 575 1278 sva
597 1215 608 1296 1
630 1236 670 1276 'sn
1098 1244 1147 1290 444
1219 1249 1304 1290 r·xv

416 1315 446 1360 44
520 1313 549 1362 L.
561 1308 693 1376 4444444444)
705 1324 747 1374 pr.
760 1313 777 1362 1.
787 1325 834 1365 ,444
853 1305 864 1384 1
885 1309 917 1379 4)
928 1313 1010 1364 millio
1098 1329 1146 1375 444
1217 1331 1322 1372 44444444
1336 1335 1450 1384 44444444

416 1401 447 1446 44
521 1407 608 1450 444444
1098 1415 1187 1470 4444
1219 1421 1308 1463 lilii-l

415 1487 447 1532 44
520 1492 639 1534 laesit
1113 1500 1155 1560 44,
1171 1501 1184 1545 4
1205 1497 1337 1563 [nso-xv

416 1571 447 1616 44
519 1579 660 1620 sar-aisn
1115 1587 1155 1646 44,
1173 1586 1186 1632 4
1217 1594 1362 1638 rar-alen

414 1657 445 1702 44
516 1664 638 1706 sarcre
1312 1681 1361 1722 ..44

415 1743 442 1787 44
517 1751 568 1792 444
589 1729 593 1813 Ι
613 1750 703 1792 roua
1131 1759 1155 1816 4,
1172 1759 1203 1806 44
1218 1765 1282 1807 asar
1304 1747 1315 1828 1
1338 1766 1421 1810 44444

415 1838 445 1883 m
522 1834 548 1884 4,
563 1839 616 1887 (sn)
631 1833 764 1883 rannerus
784 1830 789 1899 )
807 1834 867 1896 sent
888 1814 1008 1914 ‘'jssffwb·
1096 1843 1146 1889 444
1217 1849 1417 1895 4444444444
1440 1853 1524 1900 sectr

414 1933 446 1978 44
518 1939 565 1980 rra
1130 1931 1185 1988 Η
1216 1937 1262 1978 1114

414 2019 441 2064 44
517 2023 604 2068 eison
1130 2015 1154 2074 ⁴,
1170 2017 1201 2062 ²7

414 2103 444 2150 aa
517 2097 586 2152 4444
607 2089 619 2171 )ζ
641 2109 702 2153 cos
1130 2105 1154 2162 4,
1169 2104 1201 2150 44

361 2212 462 2261 Minicii
480 2211 530 2261 baa
547 2211 677 2260 lectiones
695 2207 852 2260 1414444444
870 2209 938 2262 14444
956 2211 1083 2262 refutavi.
1124 2211 1164 2261 bd
1184 2210 1321 2261 laisarium
1341 2210 1489 2260 notandum
1509 2212 1707 2264 considemnda

361 2299 470 2361 praeter
487 2298 576 2347 cetera
598 2295 720 2359 exempla
740 2297 803 2344 sunt
815 2295 895 2346 baec:
917 2299 944 2347 in
963 2297 1060 2362 glande
1073 2297 1258 2348 Dodwelliana
1276 2297 1364 2347 musei
1378 2297 1548 2347 Monacensis
1562 2298 1645 2364 (apud
1660 2313 1709 2351 uos

359 2398 386 2434 n.
404 2383 475 2445 4,44)
497 2382 571 2447 quod
590 2385 631 2431 est
655 2371 834 2459 wllsf'lsws,
863 2384 933 2434 male
951 2383 1094 2447 catalogus
1112 2383 1315 2434 Dodwellianus
1335 2386 1400 2432 4444
1419 2396 1446 2447 p.
1466 2386 1498 2432 44
1525 2386 1565 2436 444
1592 2396 1706 2438 44444

358 2471 533 2534 4444444444,
563 2483 596 2520 ex
614 2469 665 2518 boc
686 2472 764 2534 peius
788 2473 827 2522 sic
850 2467 918 2524 4444
940 2471 1064 2534 repetivit
1082 2470 1207 2520 Minicius
1232 2469 1288 2519 tab.
1304 2469 1327 2518 ll
1347 2483 1374 2518 n.
1393 2473 1434 2529 44,
1463 2469 1544 2534 idque
1568 2476 1706 2534 postremo

359 2557 485 2608 laisarius
510 2554 624 2606 recudit.
657 2557 741 2606 Porro
763 2557 868 2622 glandis
897 2557 984 2608 musei
1011 2556 1131 2606 Perusini
1155 2555 1191 2616 (n.
1214 2559 1256 2616 44,
1278 2555 1303 2617 4)
1329 2557 1534 2621 inscriptionem
1561 2559 1705 2610 evanidam

1237 2067 1423 2110 t·r1so·t·s
1444 2047 1456 2129 1
1477 2067 1538 2111 cos

359 2645 485 2694 Minicius
503 2654 530 2691 n.
546 2643 576 2690 44
596 2641 632 2692 114
651 2641 821 2707 exhibuerat,
841 2647 871 2694 ut
891 2642 999 2694 deiectu
1019 2643 1045 2691 in
1065 2641 1158 2693 tabula
1178 2654 1232 2692 uon
1247 2641 1367 2692 indicato
1381 2642 1484 2694 litteras
1502 2647 1605 2694 tantum
1624 2645 1706 2696 modo

358 2729 500 2794 quasdam,
515 2739 582 2792 quas
595 2729 683 2792 primo
696 2728 794 2780 obtutu
808 2741 955 2794 agnoscere
968 2729 1066 2794 possis,
1081 2741 1132 2778 noc
1146 2733 1236 2778 tamen
1250 2731 1322 2778 recte
1335 2727 1510 2792 depingeret:
1531 2731 1585 2779 iam
1597 2743 1663 2782 vero
1677 2733 1704 2780 in

357 2815 459 2866 falsarii
477 2813 609 2877 exemplis
626 2813 694 2864 baec
711 2813 827 2866 frustula
846 2815 1029 2880 inscriptionis
1047 2814 1120 2864 clare
1145 2827 1239 2864 recusa
1259 2816 1365 2864 4444444
1382 2815 1409 2864 444
1428 2814 1574 2878 glandibus
1592 2819 1704 2868 omniuo

357 2914 411 2952 non
434 2900 539 2951 detritis
563 2899 611 2950 sed
636 2901 830 2964 integerrimis,
867 2915 923 2966 qun
948 2899 1068 2962 accedit,
1099 2899 1172 2964 quod
1198 2901 1265 2952 baec
1291 2899 1403 2952 bustula
1430 2902 1576 2953 maximam
1602 2907 1704 2968 partem

360 2989 446 3038 malae
471 2985 578 3036 lectioni
598 2985 741 3048 debentur,
770 3001 831 3038 nam
857 3001 909 3039 non
939 2998 981 3040 Ga
1004 2975 1087 3044 aab?
1105 2987 1133 3038 in
1154 2985 1250 3050 glande
1268 2991 1310 3038 est
1328 2987 1376 3037 sed
1404 2996 1545 3040 cnssnuu
1576 2993 1603 3040 et
1621 3002 1703 3053 supra

357 3075 505 3140 scriptum:
527 3061 617 3126 ssfix.

427 3187 451 3246 4)
477 3185 611 3235 Falssrins
635 3185 823 3248 inscriptiones
846 3185 955 3236 aliunde
980 3187 1059 3235 notas
1081 3197 1131 3249 per
1155 3183 1304 3235 ludibrium
1328 3184 1371 3234 vel
1395 3199 1516 3236 errorem
1541 3187 1704 3250 immutavit,

356 3274 434 3323 cuius
453 3273 559 3334 generis
577 3273 641 3320 sunt
657 3273 766 3334 praeter
784 3273 888 3322 ceteras
907 3271 970 3321 bae:

510 3356 561 3418 ieri
575 3368 638 3418 ram
655 3356 750 3419 41144·
767 3370 825 3418 ram
844 3358 903 3422 tnro
920 3353 1090 3424 4441144441

511 3447 563 3493 tmr
582 3442 638 3505 (pro
657 3446 724 3491 444444·
742 3440 809 3492 44144
828 3445 855 3491 44
873 3441 940 3506 ipso)

512 3536 714 3580 4444444444
737 3523 805 3588 (w,
827 3530 872 3575 444
895 3540 956 3592 sqq.
977 3529 1024 3577 144
1039 3527 1110 3591 sqq.)
1137 3530 1163 3575 et
1186 3538 1204 3578 κ
1226 3535 1333 3578 aaron
1354 3514 1359 3601 Ι
1381 3537 1471 3580 canvr
1494 3525 1564 3590 (414,
1586 3535 1634 3580 444
1648 3531 1700 3596 sq.)

563 3626 612 3676 pro
635 3621 779 3666 44444044
797 3621 899 3671 (444444

512 3709 704 3752 ccnvsnavs
723 3695 782 3757 444,
797 3701 828 3747 44
852 3699 909 3762 (pro
927 3709 946 3752 c
962 3689 1130 3770 cnrrsnavs)

510 3785 611 3834 ΔΛΞΑΙ
634 3785 691 3848 (pro
710 3785 808 3835 ΔΕΞΑΙ
828 3783 933 3847 glandis
952 3784 1130 3840 Atheniensis)

509 3867 632 3934 4444441444
649 3873 676 3918 44
693 3873 818 3932 opiter
833 3873 860 3920 et
879 3869 923 3934 tad
937 3869 1100 3933 llosjardinii
1112 3869 1258 3918 lectionem
1271 3869 1426 3933 spuriarum
1440 3867 1548 3932 ialsam;
1569 3871 1603 3924 41,
1618 3886 1645 3938 p.
1656 3875 1698 3937 44)

561 3968 654 4016 operor
673 3955 731 4018 (pro
750 3960 871 4019 opterpn,
891 3956 954 4007 vide
973 3969 999 4006 u.
1016 3957 1057 4016 44)

509 4051 528 4094 c
555 4051 625 4092 444444
655 4029 840 4117 4444144444
870 4045 897 4092 44
923 4056 950 4106 q.
974 4055 996 4092 s.
1026 4040 1179 4092 secundum
1207 4041 1310 4090 Minicii
1336 4042 1481 4104 imaginem
1510 4055 1537 4094 n.
1561 4046 1608 4106 14,
1638 4058 1700 4096 mox

562 4137 733 4180 clavulava
753 4127 787 4178 ad
807 4128 970 4192 Desjardinli
990 4129 1134 4179 lectionem
1154 4128 1311 4193 spuriarum
1329 4125 1424 4178 salsam
1444 4141 1492 4192 pro
1511 4119 1698 4206 L·a·cal.vlll

561 4223 670 4265 svavia
694 4215 729 4278 (n.
745 4217 785 4276 44)

509 4286 634 4361 1444414444
653 4295 712 4358 w,
728 4301 777 4348 444
802 4297 837 4348 ad
856 4298 1018 4361 Desjardinii
1044 4299 1189 4348 lectionem
1210 4299 1319 4363 spuriae
1341 4311 1366 4350 n.
1384 4293 1442 4358 w,
1458 4302 1507 4349 444
1532 4297 1626 4351 falsam
1649 4315 1700 4367 pro

562 4394 711 4436 svsvlasla
732 4383 837 4446 14444).

423 4479 448 4541 4)
468 4477 619 4530 Nonnullas
637 4477 827 4543 inscriptiones
846 4475 972 4528 falsarius
985 4490 1015 4528 44
1029 4477 1153 4540 genuinis
1172 4475 1315 4540 glandibus
1332 4479 1418 4527 musei
1438 4479 1563 4530 Asculani
1583 4483 1697 4547 repetiit,

354 4567 423 4615 iuter
441 4577 511 4630 quas
528 4563 579 4614 hae
598 4562 712 4614 suntab
731 4577 764 4614 co
783 4563 852 4613 male
871 4563 970 4614 lectae:

508 4671 582 4718 44444
600 4665 651 4728 (vol
670 4669 737 4728 4444)
756 4672 868 4716 valentes
886 4669 913 4716 et
930 4679 958 4728 q.
972 4677 995 4716 s.
1019 4665 1089 4726 (vide
1108 4679 1136 4716 n.
1151 4669 1182 4716 48
1197 4667 1247 4730 sq.)

508 4765 591 4802 nurus
608 4753 681 4814 vopu
698 4753 768 4802 molo
788 4751 858 4814 (vida
877 4765 904 4801 u.
920 4754 961 4814 44)

505 4841 582 4894 vina
608 4837 677 4900 (vide
696 4851 723 4889 n.
739 4841 793 4898 41).

421 4951 445 5012 1)
466 4949 661 5011 inscriptiones
679 4949 777 4998 multas
790 4963 840 4999 suo
854 4949 938 5000 Marte
955 4947 1086 4998 confluxit
1103 4945 1238 5008 falsarius,
1259 4951 1402 5012 postquam
1419 4948 1550 5002 audacior
1568 4949 1654 5003 iactos
1673 4956 1700 5004 et

352 5049 366 5084 a
386 5033 467 5084 sociis
486 5035 605 5084 monitus
623 5037 677 5098 est,
703 5047 737 5084 na
757 5034 851 5086 eadam
877 5035 974 5084 totiens
993 5031 1140 5098 repetendo
1160 5033 1329 5098 emptoribus
1347 5033 1485 5086 fastidium
1505 5042 1622 5101 pareret.
1659 5037 1700 5088 Ex

352 5121 457 5172 indulta
476 5117 532 5170 tera
550 5133 645 5170 earum
663 5121 739 5184 copie
753 5121 819 5172 satis
831 5123 872 5170 ast
889 5133 987 5184 genera
1000 5117 1134 5183 quaedam
1149 5121 1336 5184 composuisse
1356 5120 1436 5172 baec:

458 5208 483 5268 4)
512 5205 704 5270 inscriptiones
723 5219 898 5257 nummorum
926 5218 988 5255 cum
1009 5205 1071 5256 Osci
1099 5205 1214 5270 (Paopii)
1239 5209 1297 5256 tum
1316 5207 1513 5270 Rornanorum,
1537 5221 1605 5272 quas
1630 5207 1699 5260 inira

351 5293 494 5358 composui
515 5290 558 5354 (ci.
580 5292 739 5342 Monotsber.
765 5295 830 5341 4444
850 5304 876 5356 p.
892 5295 923 5340 44
937 5291 1022 5355 sqq.):
