3706 5976
592 614 593 617 Ἴ
723 557 924 608 Pnsnsanto.
1401 567 1499 616 xxm

153 730 316 810 Regium
338 727 379 791 ad
401 727 518 791 iretum
540 728 694 790 Siculum.
733 729 877 791 llussum
900 727 1104 809 municipale.
1150 728 1228 792 Vide
1251 748 1285 792 n.
1303 730 1355 808 44,
1375 749 1430 792 4-4.

157 831 328 894 Siciliae
350 848 461 892 musea
483 831 695 892 Mommsenus
716 829 804 892 adiit.
838 830 1004 892 Praeterea
1024 829 1202 892 Antoninus
1224 829 1347 892 Salinas
1369 852 1387 894 a
1409 831 1501 894 nobis

197 943 326 1015 rogatus
348 951 412 995 non
435 932 537 994 solum
560 940 671 1014 ectypa
694 932 793 1011 misit,
819 931 876 994 sed
899 933 994 994 ctiam
1018 933 1192 1012 catalogum
1218 931 1392 1013 glandium,
1419 951 1499 1013 quas

198 1037 266 1116 ipse
289 1036 323 1096 in
339 1034 447 1097 Sicilia
467 1032 602 1108 viderat,
629 1043 693 1096 tam
707 1032 890 1096 Latinarum
913 1051 1008 1114 quam
1024 1035 1215 1097 Graecarum
1238 1034 1271 1096 in
1293 1030 1410 1098 44444444Ι
1430 1034 1500 1097 dell'

197 1139 272 1199 lost.
306 1135 388 1197 4878
422 1156 455 1217 p.
481 1137 520 1196 36
545 1153 617 1216 sqq.
654 1145 687 1198 et
715 1135 828 1198 tab.F
861 1134 975 1199 edidit.
1033 1137 1302 1218 Syracusanorum
1335 1134 1499 1218 glandium

198 1238 336 1302 duarum
365 1237 447 1320 (vide
469 1257 503 1319 p.
529 1236 559 1320 4)
593 1238 748 1317 imagines
770 1255 787 1298 a
810 1237 971 1301 Salvatore
999 1239 1090 1301 Politi
1119 1239 1294 1302 delineatas
1323 1237 1364 1301 de
1390 1239 1501 1318 'lorgis

197 1359 269 1404 cum
291 1343 482 1403 llommseno
505 1340 759 1406 communicavit.

197 1442 226 1526 4)
254 1444 435 1534 Panormus.
483 1444 625 1504 lluseum
655 1444 790 1524 regium.
845 1441 890 1504 ct.
920 1440 957 1503 Δ.
983 1442 1123 1520 Salinas,
1156 1442 1213 1504 Del
1241 1441 1311 1504 4444
1338 1458 1439 1504 museo
1467 1441 1501 1504 44

257 1545 406 1608 Palerrno.
445 1545 509 1606 Pal.
542 1543 623 1606 4873
658 1543 707 1626 (de
737 1563 846 1608 museo
874 1543 989 1606 Astuto
1019 1563 1052 1624 p.
1078 1544 1135 1622 43,
1172 1543 1364 1606 Salnitriano
1386 1563 1419 1623 p.
1439 1544 1496 1624 tt,

254 1646 436 1727 Hieronymi
465 1645 600 1708 Valenza
632 1665 665 1726 p.
694 1644 733 1707 47
767 1646 904 1724 44444144,
947 1644 1078 1726 glandes
1107 1646 1295 1708 memoravit
1319 1665 1352 1726 p.
1379 1643 1431 1727 47)
1468 1653 1501 1707 44

254 1749 426 1810 Mommsen
449 1747 542 1828 Corp.
566 1749 595 1808 X
618 1767 650 1828 p.
669 1747 744 1809 748.
768 1747 912 1810 -Vide
935 1765 969 1811 n.
989 1750 1018 1828 4,
1038 1766 1113 1824 s-ro;
1139 1747 1192 1827 44,
1211 1769 1235 1812 4.
1254 1769 1277 1809 r.

199 1849 226 1930 4)
257 1848 378 1912 ibidem
401 1849 486 1930 apud
509 1850 696 1912 Romanum.
741 1849 821 1912 Vide
843 1869 877 1913 n.
897 1851 926 1930 4,
944 1871 970 1912 4.

197 1951 222 2030 4)
255 1951 441 2032 Syracusae.
487 1953 641 2015 lluseum.
688 1950 767 2014 Vide
788 1971 822 2032 p.
841 1953 872 2014 4.

196 2053 226 2134 d)
255 2051 363 2134 cesalai
384 2051 473 2134 apud
494 2053 691 2118 baronissam
714 2052 932 2118 Mandralisoa.
978 2053 1057 2118 Vide
1081 2071 1113 2114 n.
1135 2054 1163 2134 l,
1183 2073 1256 2118 11-1a
1278 2063 1311 2116 et
1333 2054 1362 2133 2,
1383 2074 1439 2116 1-o.

298 2153 446 2234 Glandes,
472 2173 551 2235 quas
573 2155 647 2216 olim
669 2155 884 2236 possederunt
897 2153 1012 2233 Alessi,
1037 2153 1162 2236 Astuto,
1188 2157 1325 2235 Petroso,
1349 2155 1495 2235 Valente,

254 2255 1124 2338 414144414.4,4-4.44.-44,4.-4,44.-4,4;
1150 2257 1191 2320 44.
1218 2256 1343 2320 Salinas
1364 2258 1433 2320 l.c.

156 2373 362 2437 Sardinia.
411 2375 559 2458 04944444,
586 2377 690 2438 Museo
712 2375 901 2439 d'onttotttc.
948 2375 1027 2439 Vide
1049 2396 1084 2439 n.
1104 2377 1132 2456 4,
1151 2397 1190 2440 44.

153 2475 473 2540 vindobonense
502 2495 648 2540 museum
672 2478 859 2540 Caesareum
887 2477 1011 2558 (4444444-
1031 2497 1064 2541 u.
1089 2476 1346 2560 44444444444444)
1372 2487 1500 2558 praeter

197 2587 348 2659 quattuor
370 2578 505 2642 Graecas
534 2589 566 2642 et
587 2598 684 2642 unam
714 2599 780 2642 non
808 2578 993 2661 inscriptam
1021 2577 1061 2661 (ν.
1088 2600 1120 2661 p.
1145 2579 1224 2661 Xlll)
1259 2578 1403 2661 possidet
1432 2588 1498 2640 tres

198 2679 330 2760 glandes
352 2678 495 2744 Latinas:
522 2700 555 2743 n.
574 2683 605 2760 9,
623 2701 651 2746 so
675 2681 741 2763 (4144
763 2684 826 2745 iam
849 2681 914 2744 illie
936 2686 1147 2762 exstantem),
1182 2682 1336 2745 4614444)
1360 2701 1391 2744 4.
1416 2679 1497 2741 4878

194 2782 306 2862 Apsori
330 2783 490 2845 ininsula
521 2783 632 2846 Clterso
655 2793 805 2864 repertas.
867 2782 1038 2846 Eduardus
1060 2783 1138 2847 baro
1160 2782 1199 2846 de
1230 2784 1370 2864 Sacken,
1397 2783 1499 2845 musei

196 2882 391 2966 praelectus,
424 2903 481 2948 sex
503 2887 677 2966 primarum
706 2885 851 2967 exempla
873 2903 891 2947 a
914 2905 949 2948 se
978 2885 1105 2968 egregie
1135 2885 1292 2948 delineata
1314 2887 1391 2948 milri
1413 2885 1501 2948 misit

196 3005 224 3048 a.
245 2985 346 3062 4878;
382 2983 422 3048 de
451 2987 650 3067 Apsoritanis
679 2986 765 3049 idem
781 2997 813 3050 et
847 2986 913 3070 (qui
935 2987 1065 3066 detexit)
1101 2987 1174 3050 Otto
1196 2987 1360 3051 Benndorl
1387 2985 1499 3050 eodem

201 3105 283 3149 anno
306 3087 511 3150 rettulerunt.

153 3191 360 3270 Tergeste.
407 3188 441 3249 ln
464 3207 574 3251 museo
597 3189 697 3251 civico
726 3197 875 3270 quattuor
897 3190 1035 3253 Graecae
1063 3189 1221 3270 genuinae
1245 3198 1277 3252 et
1299 3188 1381 3252 dnae
1404 3208 1498 3251 ousae

200 3289 279 3372 (Str,
299 3312 323 3352 4.
341 3289 364 3366 4)
391 3297 528 3353 exstant.
575 3290 764 3372 Apographa
786 3291 892 3354 Ottoni
914 3291 1086 3372 Bcnndori,
1116 3300 1228 3373 ectypa
1250 3309 1367 3373 gypsea
1389 3291 1498 3353 Garolo

196 3395 284 3455 liuns
305 3393 410 3454 musei
434 3391 583 3454 directori
607 3401 736 3472 accepta
759 3391 874 3456 refero.

152 3495 187 3555 ln
211 3494 441 3575 ilungariac
476 3496 596 3556 museis
618 3495 739 3556 nullam
768 3493 915 3575 glandem
949 3505 1073 3556 exstare
1103 3512 1210 3576 neque
1240 3495 1274 3556 in
1307 3494 1377 3556 eius
1407 3496 1498 3575 regni

194 3597 360 3659 territoriis
389 3595 488 3658 ullam
521 3605 683 3676 repertam
712 3615 783 3659 esse
812 3598 999 3660 Francisous
1022 3597 1156 3679 Pulszlry
1183 3596 1391 3678 interroganti
1418 3597 1498 3658 mihi

197 3699 347 3760 4811444.
374 3697 456 3759 4879
480 3699 654 3779 rescripsit.

152 3799 280 3862 Boset.
328 3799 485 3879 Glandes,
511 3817 592 3880 quas
615 3800 791 3862 Guilelmus
812 3801 942 3868 Vischer
972 3801 1157 3882 collegerat,
1184 3818 1271 3862 nunc
1293 3809 1498 3863 asservantur

195 3902 228 3961 in
252 3919 358 3962 musco
386 3901 524 3982 publico.
569 3901 721 3964 Omnium
749 3911 861 3984 ectypa
890 3903 1064 3984 sulphurea
1085 3899 1216 3964 Achillis
1245 3900 1444 3964 Burclrhardt
1466 3911 1498 3963 et

196 4003 323 4065 llenrici
347 4004 460 4066 Gelaer
488 4005 606 4084 insigni
635 4004 871 4066 benivolentiae
902 4004 1014 4067 debeo.
1068 4006 1196 4067 Latinae
1226 4004 1312 4066 inter
1340 4022 1394 4066 eas
1423 4013 1498 4066 sunt

195 4113 274 4183 octo,
299 4123 435 4186 quarum
457 4123 519 4167 una
542 4105 683 4187 genuina
705 4105 748 4186 (4.
769 4103 855 4186 414),
881 4114 949 4167 4444
977 4105 1056 4186 (671,
1077 4106 1131 4188 4-4)
1158 4108 1379 4188 inscriptiones
1407 4123 1498 4168 cusas

195 4207 355 4270 exhibent.
410 4209 472 4270 Eas
501 4217 634 4289 excepta
664 4205 761 4287 tim
796 4208 975 4270 examinavi
1006 4225 1088 4270 anno
1118 4210 1212 4272 4883.
1268 4211 1433 4272 Praeterea
1465 4209 1498 4269 in

195 4310 407 4372 Vischerianis
431 4309 498 4372 vidi
528 4320 641 4391 ectypa
671 4327 788 4390 gypsea
818 4308 940 4390 glandis
963 4310 1046 4390 63,4
1081 4319 1112 4372 44
1134 4310 1297 4392 glandium
1321 4309 1499 4372 1444444444-

195 4430 307 4474 narum
330 4413 470 4494 triginta.

153 4513 350 4576 1444441444.
410 4516 553 4578 llnseum
597 4514 812 4594 antiquarium
853 4514 992 4576 eontinet
1030 4511 1059 4594 4)
1089 4511 1322 4575 Dodwellianos
1358 4521 1491 4592 septem.

193 4614 310 4676 Earum
336 4615 453 4678 Graeca
476 4626 610 4679 estana
634 4617 714 4696 688,
747 4625 871 4678 ceterae
900 4616 1045 4678 Latinae:
1076 4636 1109 4678 n.
1129 4617 1156 4692 4,
1174 4635 1202 4677 no
1230 4613 1378 4695 (Sicula),
1413 4615 1498 4695 54,4

200 4715 276 4797 (agri
298 4717 433 4797 Regini),
462 4718 514 4778 64.
541 4717 593 4798 77,
613 4739 636 4781 4.
662 4719 714 4799 84,
728 4739 754 4781 o.
780 4717 831 4796 87,
851 4739 864 4779 4
892 4715 1091 4798 (Perusinae,
1117 4735 1212 4797 quam
1235 4715 1391 4797 originem
1412 4716 1498 4778 Dod-

194 4817 309 4880 wellus
332 4819 493 4900 inscripsit
515 4820 685 4901 glandibus
707 4840 741 4882 n.
760 4819 810 4898 77,
832 4841 843 4881 4
866 4827 899 4881 44
920 4819 973 4900 87,
992 4819 1034 4902 4);
1076 4818 1107 4902 4)
1134 4817 1282 4899 glandem
1307 4816 1498 4882 Aeculanum

194 4939 228 4982 n.
247 4921 277 5000 6,
293 4941 319 4984 so
342 4939 425 4983 anno
447 4920 566 4984 incerto
589 4923 792 5002 acquisitam,
819 4921 849 5001 3)
872 4921 1007 4984 Graecas
1029 4929 1095 4983 octo
1118 4920 1234 5002 partim
1257 4939 1372 5003 aroge
1394 4919 1498 4984 Ludo—

194 5025 263 5085 vico
285 5023 298 5083 l
320 5023 437 5104 partim
467 5041 571 5104 nuper
600 5025 781 5104 acquisitas.
817 5057 861 5068 -
887 5024 959 5104 lpse
981 5022 1139 5104 descripsi
1161 5042 1191 5084 a.
1218 5021 1300 5084 4877
1322 5021 1494 5101 1144441444;

195 5145 223 5188 4.
245 5125 326 5186 4880
351 5126 527 5189 Guilelmus
550 5125 663 5205 Christ,
690 5126 744 5205 qui
768 5125 797 5186 ei
820 5142 930 5186 museo
953 5123 1132 5205 praelectus
1154 5132 1213 5204 est,
1240 5121 1494 5205 lleidelbergam,

195 5237 231 5290 44
252 5237 364 5309 ectypa
387 5227 514 5308 flerent,
547 5229 685 5309 benigne
708 5227 894 5290 transmisit.
919 5261 963 5274 -
984 5224 1220 5290 Dodwellianae
1242 5225 1436 5290 exhihentur
1464 5225 1498 5286 in
