3706 5976
765 565 966 617 rnanrsrro.
1501 576 1541 624 Ιχ

197 751 228 801 et
251 749 355 802 mente
378 758 441 800 non
466 739 568 800 tenaci
591 739 747 819 opinionis
775 749 847 798 ante
870 746 1039 816 conceptae
1063 735 1119 797 sed
1143 737 1262 817 ubique
1285 737 1326 800 ad
1348 759 1417 800 eam
1440 741 1541 800 corri-

196 841 330 922 gendam
361 861 472 923 prona.
521 841 662 902 Priorum
693 843 724 902 in
755 839 901 920 legendis
929 837 1098 919 glandibus
1126 841 1274 918 genuinis
1298 851 1329 902 at
1358 844 1541 922 spuriarum

196 943 430 1024 antiquioribus
440 945 460 1024 1)
495 962 620 1006 errores
643 943 737 1006 etiam
766 941 822 1004 ubi
847 961 899 1003 res
927 960 1013 1003 nuno
1036 943 1199 1022 explorata
1222 953 1270 1004 est
1292 944 1406 1006 afferre
1429 964 1542 1007 neees-

196 1048 315 1108 sarium
345 1047 405 1108 luit
434 1049 466 1108 in
495 1048 566 1110 aliis
595 1065 730 1128 quarum
759 1047 935 1107 averitate
965 1046 1007 1106 ita
1035 1043 1172 1108 discedit
1201 1046 1309 1124 lectio,
1345 1057 1380 1108 ut
1408 1046 1540 1110 eandem

198 1151 436 1230 inscriptionem
463 1169 535 1212 esse
558 1151 686 1230 agnosci
708 1150 764 1211 vix
787 1158 898 1228 queat,
935 1148 967 1208 in
990 1149 1060 1209 aliis
1083 1148 1245 1228 pluribus,
1273 1167 1407 1228 quarum
1431 1149 1541 1212 ialsam

198 1254 363 1315 lectionem
381 1254 537 1334 vulgatam
562 1254 783 1333 repetiverunt
807 1249 938 1326 ialsarii,
965 1249 1040 1312 inde
1063 1250 1152 1312 lacile
1176 1251 1299 1313 fraudis
1314 1252 1516 1333 coarguendi.

284 1371 413 1434 Tabulis
436 1370 567 1434 exhibui
597 1370 761 1451 glandium
785 1373 996 1451 genuinarum
1020 1371 1151 1450 multas,
1185 1372 1365 1451 spuriarum
1389 1371 1538 1454 atiquottt

197 1477 352 1556 imagines
381 1475 420 1537 ad
451 1475 620 1556 archetypa
650 1475 703 1536 vel
733 1475 875 1556 ectypa³)
911 1493 927 1535 a
958 1475 1126 1556 phototypo
1158 1474 1200 1535 ita
1223 1473 1360 1554 ellictaS‚
1397 1483 1432 1536 ut
1462 1475 1542 1536 nibil

197 1579 325 1640 omnino
355 1587 590 1640 retractaretur.
646 1579 722 1638 Nam
752 1587 787 1639 ut
817 1577 894 1638 baec
923 1595 973 1637 res
1003 1585 1089 1636 tanto
1116 1594 1213 1655 opere
1243 1577 1275 1637 in
1298 1579 1541 1638 controversiam

198 1679 334 1743 adducta
357 1691 389 1742 et
418 1689 463 1742 tot
491 1680 594 1742 adbuc
616 1678 902 1762 disceptationibus
927 1679 1044 1760 agitata
1066 1679 1314 1757 diiudicaretur‚
1346 1681 1423 1742 baec
1445 1679 1542 1742 editio

198 1804 260 1846 non
289 1793 413 1865 poterat
442 1802 551 1846 carere
575 1783 766 1864 imaginibus
795 1793 862 1845 arte
892 1802 979 1844 mere
1008 1784 1189 1845 mechanica
1220 1783 1320 1844 lactis.
1367 1784 1434 1844 Non
1457 1783 1541 1845 enim

198 1889 314 1948 mirum
331 1897 391 1966 est,
418 1887 445 1948 si
469 1905 554 1949 nunc
571 1885 701 1967 quidem
718 1887 750 1948 in
774 1887 832 1948 boc
856 1886 1097 1966 inscriptionum
1115 1905 1231 1966 genere
1248 1885 1288 1948 ad
1312 1895 1429 1948 tentam
1446 1885 1543 1948 dubi-

198 1990 349 2051 tationem
373 2001 515 2051 revocato
539 2007 631 2050 nemo
654 1990 824 2070 quicquam
848 1989 909 2050 nisi
933 1989 1017 2068 quod
1040 1990 1172 2052 suismet
1195 1990 1294 2053 oculis
1319 1989 1445 2068 viderit,
1472 2009 1543 2051 cro-

198 2091 275 2155 derc
298 2091 404 2154 audet.
454 2090 503 2153 Ad
526 2093 606 2153 banc
634 2093 733 2172 igitur
756 2111 823 2154 rem
846 2091 888 2171 ii,
920 2091 1039 2172 quibus
1068 2092 1235 2172 archetypa
1267 2093 1334 2172 ipsa
1359 2093 1542 2154 examinaro

198 2196 373 2274 nonlicet,
410 2205 540 2257 utantur
562 2194 680 2257 tabulis
710 2196 759 2256 bis
787 2194 828 2257 ab
851 2195 936 2256 omni
960 2195 1093 2276 legentis
1122 2203 1153 2255 et
1180 2193 1305 2256 edentis
1327 2193 1542 2256 additamento

199 2317 332 2378 prorsus
354 2298 473 2360 liberis.
515 2298 671 2378 Imagines
693 2297 855 2378 glandium
880 2299 1018 2378 ipsarum
1042 2296 1293 2378 magnitudinem
1317 2297 1482 2360 exhibent.
1499 2333 1543 2344 -

200 2403 364 2464 Praeterea
393 2402 512 2464 inserui
549 2402 649 2464 textui
681 2401 849 2463 nonnullas
877 2401 1030 2481 imagines
1059 2399 1250 2480 delineatae,
1288 2419 1368 2481 quas
1398 2401 1543 2464 lectionis

200 2523 288 2566 meae
299 2505 321 2586 ⁴)
354 2515 516 2585 tamquam
546 2505 737 2585 interpretes
765 2523 835 2566 esso
866 2504 964 2566 volui.
1016 2503 1132 2566 Earum
1165 2503 1245 2566 aliae
1274 2513 1350 2565 sunt
1379 2502 1540 2585 glandium

199 2615 263 2668 tam
291 2605 498 2688 detritamm,
536 2617 571 2670 ut
599 2616 667 2670 arte
700 2607 909 2688 photograpbi
940 2625 1039 2687 pauca
1068 2607 1199 2687 vestigia
1233 2605 1377 2668 exhiberi
1408 2609 1539 2687 possint,

199 2710 279 2772 aliae
294 2710 449 2790 quaedam
466 2708 640 2774 meandum
656 2712 833 2792 apographa
858 2729 926 2771 mea
949 2719 1024 2772 sunt
1045 2708 1190 2791 lacum).
1208 2744 1249 2755 —
1267 2710 1412 2790 Denique
1434 2730 1467 2790 p.
1487 2709 1538 2771 37.

201 2815 252 2875 48.
273 2815 374 2875 litat
404 2824 526 2895 septem
555 2812 700 2894 glandes,
735 2832 868 2894 quarum
897 2833 1002 2894 neque
1026 2815 1231 2895 archetypum
1261 2831 1365 2894 neque
1394 2823 1541 2895 ectypum

199 2915 310 2978 videre
333 2901 430 2996 potui,
459 2935 499 2978 ex
521 2917 654 2978 aliorum
678 2917 833 2996 exemplis
857 2917 1103 2998 repraesentavi.

285 3037 366 3097 liaeo
394 3035 434 3096 de
466 3034 615 3098 editionis
644 3055 732 3098 meae
765 3037 885 3098 ratione
914 3035 1087 3117 praefanda
1115 3045 1217 3099 erant.
1272 3035 1392 3109 Quodsi
1424 3037 1474 3097 cui
1506 3056 1541 3097 ea

198 3137 360 3200 videbitur
385 3137 533 3200 uberiore
568 3156 664 3218 quam
698 3157 754 3219 pro
788 3139 897 3200 barum
929 3158 1035 3201 rerum
1070 3139 1173 3219 pretio
1206 3148 1360 3219 apparatu
1391 3139 1541 3201 instructa

198 3259 284 3320 esse,
324 3239 357 3302 id
386 3240 503 3302 iactum
533 3249 582 3302 est
611 3241 798 3302 necessitate
828 3259 904 3302 sane
928 3239 997 3302 dira
1021 3259 1079 3302 neo
1101 3261 1170 3302 mea
1193 3241 1284 3321 oulpa
1320 3240 1377 3302 sed
1400 3243 1540 3322 priorum

198 3344 248 3406 vel
272 3343 435 3406 erroribus
457 3343 506 3405 rel
530 3341 708 3406 fraudibus.
755 3341 781 3405 Α
805 3344 922 3424 quibus
950 3345 1073 3406 invecta
1097 3343 1297 3424 perturbatio
1319 3363 1389 3408 oum
1413 3343 1540 3406 tandem

197 3445 367 3526 aliquando
391 3445 593 3527 expedienda
623 3445 827 3527 tollendaque
849 3456 942 3520 esset,
968 3465 1031 3508 non
1055 3447 1196 3526 suffecit,
1230 3447 1291 3508 nisi
1315 3465 1443 3527 operam
1466 3467 1542 3528 per-

198 3547 274 3611 dere
297 3550 431 3629 vellem,
464 3569 604 3612 summas
630 3569 682 3612 res
712 3568 793 3630 quae
822 3552 1036 3631 repperissem
1066 3549 1243 3630 significare
1272 3559 1303 3610 et
1326 3569 1362 3610 ea
1384 3549 1541 3612 brevitate

197 3653 274 3714 baec
303 3663 505 3726 monumenta
536 3651 649 3733 edere,
687 3672 750 3734 qua
781 3663 868 3716 reete
895 3673 972 3716 sane
1006 3662 1137 3716 utentur
1170 3653 1209 3728 ii,
1253 3653 1308 3733 qui
1338 3672 1406 3714 meo
1434 3653 1542 3714 labore

196 3757 327 3818 subnixi
350 3757 481 3837 posthac
502 3755 665 3838 glandium
689 3757 911 3838 inscriptiones
933 3755 1125 3834 tractabunt,
1150 3753 1207 3817 sed
1230 3756 1341 3834 utique
1364 3775 1381 3816 a
1405 3775 1454 3817 ma
1477 3765 1540 3816 tam

267 4014 291 4077 4)
310 4015 347 4065 De
366 4015 586 4066 Vinceazinianis
603 4014 747 4079 glandibus
765 4014 826 4066 uida
844 4027 913 4079 quae
931 4014 1058 4066 adnotavi
1077 4027 1103 4080 p.
1120 4018 1178 4066 titt.

267 4105 290 4161 4)
313 4102 350 4152 De
370 4102 413 4152 bis
430 4100 464 4152 ci.
485 4115 513 4166 p.
535 4105 593 4154 lot.
1361 4149 1366 4158 .

267 4187 292 4249 t)
312 4187 449 4252 Exceptae
467 4191 531 4237 sunt
549 4187 621 4238 solas
640 4191 658 4237 t.
673 4187 720 4247 tx,
741 4190 774 4237 to
792 4190 820 4236 at
838 4187 884 4248 tt,
911 4185 1011 4250 quibus
1034 4186 1138 4238 litterae
1160 4188 1186 4237 in
1209 4189 1368 4252 ectyporum
1394 4186 1477 4237 sulcis
1494 4201 1540 4237 se-

197 4271 318 4324 cundum
337 4285 425 4323 meam
444 4272 586 4324 lectionem
605 4273 757 4324 delineatae
774 4277 1012 4338 repraesentantur
1029 4275 1181 4338 propterea,
1201 4273 1273 4338 quod
1289 4273 1460 4338 scariphatae
1478 4275 1539 4324 illae

198 4359 301 4410 litterae
320 4359 493 4420 tenuissimae
512 4360 538 4408 in
558 4360 673 4422 imagine
691 4358 798 4422 glandis
817 4359 846 4420 (t.
868 4359 913 4420 tit,
929 4360 951 4422 4)
974 4372 1058 4424 paene
1077 4373 1131 4410 non
1150 4363 1289 4424 apparent.

267 4447 290 4506 4)
317 4444 456 4496 Eiusmodi
486 4446 694 4509 inscriptionum
720 4446 851 4508 imagines
877 4446 924 4510 qui
953 4445 1078 4495 editurus
1101 4449 1156 4507 est,
1181 4444 1215 4494 ab
1240 4459 1273 4494 eo
1298 4444 1473 4510 praeferenda
1499 4450 1541 4496 est

197 4531 341 4582 methodus
359 4531 532 4592 mechanica,
554 4535 583 4581 ut
601 4531 769 4597 pbototypia.
806 4531 880 4592 Quae
899 4535 988 4581 maren
1008 4531 1053 4580 ubi
1072 4530 1195 4582 adhiberi
1215 4533 1321 4595 nequit,
1342 4531 1440 4582 editori
1458 4545 1540 4597 opera

197 4617 287 4667 danda
312 4619 368 4677 est,
401 4621 431 4668 nt
460 4617 644 4683 lithographus
670 4619 712 4668 vel
736 4631 790 4683 quo
816 4619 869 4668 alio
894 4619 1018 4682 operario
1037 4619 1123 4667 ulitur
1152 4620 1238 4682 ipsam
1261 4617 1373 4668 editoris
1398 4617 1540 4668 lectionem

197 4706 394 4768 repraesentet;
420 4705 501 4768 atque
525 4704 576 4754 boo
601 4704 710 4769 quidam
730 4706 847 4756 maxima
866 4705 1012 4755 tenendum
1031 4707 1072 4754 est
1092 4707 1118 4754 tn
1137 4703 1243 4754 dubiis:
1269 4704 1336 4767 quid
1355 4705 1427 4754 enim
1445 4706 1541 4755 attinet

197 4787 291 4838 lectori
310 4787 504 4849 exhiberem,
524 4803 593 4854 quae
612 4791 717 4852 legendi
737 4791 798 4840 talia
823 4791 915 4840 mlnus
938 4793 1041 4855 peritus
1060 4790 1111 4840 sibl
1132 4789 1225 4840 videre
1242 4790 1318 4840 visus
1335 4792 1397 4841 est‘l
1433 4791 1470 4841 De
1489 4791 1540 4841 bac

196 4887 225 4924 re
245 4875 338 4926 monui
357 4876 383 4924 in
402 4881 548 4928 comment.
570 4877 721 4928 minoribns
739 4877 814 4928 acad.
836 4875 924 4927 Berol.
945 4880 1011 4927 4874
1030 4891 1056 4942 p.
1074 4879 1121 4926 ttt
1143 4880 1198 4926 aot.
1211 4881 1239 4930 t.
1257 4903 1293 4913 -
1312 4877 1441 4940 Bergkius
1460 4877 1542 4940 igitur

196 4961 224 5010 in
249 4959 391 5022 glandibus
415 4959 527 5012 edendis
552 4964 652 5014 erravit
674 4963 746 5028 quod
775 4963 855 5025 (sicut
873 4961 1010 5028 praelatus
1033 4967 1074 5014 est
1098 4976 1160 5013 ann.
1181 4963 1266 5014 liban.
1290 4967 1322 5013 ss
1342 4968 1398 5029 ps
1418 4983 1451 5006 =
1470 4963 1538 5013 Sall.

195 5060 222 5111 p.
237 5049 277 5110 tlt)
297 5047 458 5098 delineantis
480 5047 593 5099 arbitrio
616 5051 739 5114 permisit
763 5051 790 5100 io
813 5049 903 5100 dubiis
933 5051 960 5100 id
985 5049 1128 5112 exhibere,
1154 5049 1226 5114 qnod
1247 5049 1291 5100 ille
1309 5049 1402 5100 ridere
1421 5047 1472 5099 sibi
1500 5051 1541 5098 vi-

195 5145 241 5183 sus
260 5135 339 5184 asset.
386 5133 405 5182 a
428 5147 482 5198 quo
508 5137 599 5185 lamen
625 5149 674 5186 suo
693 5139 837 5201 praecepto
860 5138 883 5186 si
909 5137 953 5186 hic
981 5136 1035 5187 illic
1055 5139 1111 5202 ipse
1135 5138 1247 5188 recessit
1272 5135 1318 5200 (cl.
1339 5135 1406 5186 inira
1426 5148 1452 5200 p.
1468 5137 1538 5199 441),

196 5217 356 5270 benefecit.

265 5309 291 5372 t)
312 5306 377 5356 Vide
395 5320 464 5372 quas
483 5306 540 5358 dixi
559 5320 586 5372 p.
602 5313 627 5359 8.
649 5313 691 5361 58.
712 5313 743 5358 te
762 5311 830 5359 extr.
