3706 5976
719 1702 1057 1794 PRAEFATIO.

217 2046 353 2190 primo
378 2128 525 2208 Corporis
555 2128 715 2189 volumine
746 2146 817 2188 cum
849 2127 972 2208 priscae
1004 2128 1226 2207 inscriptiones
1256 2129 1383 2188 Latinae
1414 2145 1560 2208 compre-

217 2231 407 2294 hendendae
430 2239 555 2309 essent,
589 2233 801 2292 Mommsenus
830 2231 899 2292 eius
930 2229 1088 2310 prodromi
1121 2231 1264 2291 instituto
1293 2249 1367 2291 sane
1390 2230 1560 2292 utilissimo

216 2345 340 2396 coactus
364 2333 496 2414 glandes
519 2352 647 2414 quoque
677 2333 846 2414 plumbeas
869 2332 982 2395 edidit.
1030 2334 1119 2395 Sicut
1143 2343 1248 2396 autem
1274 2334 1304 2394 in
1329 2333 1479 2394 universo
1503 2333 1560 2396 boc

216 2435 384 2516 prodromo
406 2457 467 2499 usu
491 2439 601 2498 venire
624 2436 786 2517 praelatus
809 2448 873 2517 est,
900 2446 1019 2498 utnon
1042 2437 1075 2498 in
1100 2436 1249 2498 omnibus
1271 2437 1386 2514 titulis,
1413 2437 1560 2498 maximis

217 2540 366 2618 minimis,
393 2559 444 2602 res
466 2539 576 2620 perfici
601 2550 717 2621 posset,
745 2549 899 2620 quantum
922 2559 981 2620 per
995 2559 1029 2602 se
1046 2539 1179 2620 deberet
1195 2549 1290 2619 atque
1307 2540 1413 2618 etiam,
1439 2539 1561 2600 scilicet

216 2644 243 2702 si
268 2641 299 2703 id
322 2643 470 2704 volumen
493 2662 555 2704 non
578 2645 716 2724 primum
739 2643 796 2704 sed
820 2653 1014 2724 postremum
1039 2642 1191 2723 prodiret,
1219 2653 1335 2723 posset,
1362 2643 1404 2703 ita
1428 2642 1559 2703 minime

216 2755 347 2826 propter
362 2745 493 2826 glandes
517 2747 549 2807 in
573 2756 618 2808 tot
634 2750 753 2809 muscis
769 2745 1002 2827 conquirendas
1018 2747 1114 2807 totius
1129 2746 1235 2826 operis
1252 2744 1421 2807 editionem
1438 2744 1560 2806 differri

216 2847 336 2910 debere
359 2859 608 2911 consentaneum
632 2859 711 2912 erat.
761 2851 868 2930 ltaque
892 2851 1118 2928 lloinmsenuS‚
1151 2850 1250 2910 satius
1278 2868 1348 2910 esse
1371 2859 1458 2910 ratus
1481 2867 1562 2928 qua·

217 2951 289 3012 dam
319 2961 412 3014 tenus
439 2951 569 3032 prodire
598 2971 693 3033 quam
726 2953 807 3014 hanc
836 2962 959 3033 partem
990 2953 1117 3014 omnino
1145 2953 1308 3034 omittere,
1346 2971 1414 3013 rem
1438 2953 1479 3012 ita
1502 2949 1561 3012 ad-

218 3055 417 3132 ministravit,
444 3066 479 3115 ut
502 3054 646 3134 glandes,
678 3073 898 3136 quaecumque
922 3065 997 3117 tunc
1020 3056 1060 3117 ab
1083 3055 1154 3116 aliis
1177 3054 1281 3116 editae
1306 3055 1442 3132 fuerant,
1469 3054 1560 3117 colli-

215 3167 304 3236 geret
331 3155 410 3238 (ipse
425 3157 508 3218 enim
532 3167 598 3218 tres
620 3168 742 3219 tantum
759 3157 889 3238 glandes
904 3160 1105 3219 Monacenses
1121 3155 1360 3238 descripserat),
1386 3155 1426 3218 ad
1450 3169 1559 3218 aucto-

217 3279 268 3320 res
283 3279 357 3322 suos
380 3271 555 3336 revocaret,
581 3260 621 3322 ad
643 3262 721 3322 artis
744 3261 831 3341 leges
847 3261 999 3340 exigeret.
1033 3261 1072 3321 lit
1088 3270 1173 3322 recte
1189 3259 1319 3340 quidem
1336 3261 1557 3338 MommsenuS,

216 3373 374 3443 quatenus
397 3363 524 3424 omnino
547 3365 651 3444 potuit
673 3364 728 3444 qui
753 3363 820 3425 lere
843 3363 917 3424 solis
939 3363 1129 3443 apographis
1152 3363 1263 3424 alienis
1280 3372 1437 3440 uteretur,
1465 3361 1558 3423 etde

216 3466 389 3546 legentium
420 3467 584 3528 erroribus
612 3477 644 3528 et
671 3465 712 3527 de
741 3465 939 3528 falsariorum
965 3464 1132 3528 fraudibus
1144 3465 1163 3547 ¹)
1192 3463 1354 3544 iudicavit,
1387 3473 1472 3526 certe
1495 3483 1557 3524 non

216 3569 365 3630 iudicavit
393 3569 490 3631 nimis
525 3588 655 3650 severe,
697 3588 770 3632 nam
799 3578 935 3650 utraque
970 3569 1064 3631 etiam
1093 3569 1187 3630 latius
1216 3577 1326 3649 patere
1357 3586 1442 3630 nunc
1471 3587 1557 3629 com-

216 3671 399 3752 probavisse
424 3673 499 3733 mihi
523 3671 644 3733 videor.
692 3671 811 3734 Eadem
841 3671 906 3734 fere
931 3673 1061 3734 materia
1090 3691 1168 3734 usus
1195 3680 1244 3732 est
1265 3671 1470 3749 liitscbelius,
1504 3671 1556 3733 cui

213 3765 347 3835 ‘Priscae
378 3775 554 3836 Latinitatis
584 3775 794 3836 Monumentis
816 3765 1049 3856 Epigrapbiois'
1077 3773 1230 3836 volumini
1265 3773 1367 3854 primo
1399 3773 1559 3835 adiunctis

215 3877 367 3956 imagines
390 3876 553 3957 glandium
577 3876 777 3938 exhibendae
802 3888 924 3954 essent3
958 3897 1031 3938 nam
1054 3877 1223 3958 plerasque
1246 3877 1375 3954 repetiit
1397 3895 1436 3937 ex
1460 3875 1556 3937 editis

214 3978 316 4058 libris,
341 3999 459 4060 paucas
482 3979 522 4042 ad
545 3981 690 4060 exempla
713 3979 881 4060 delineata,
907 4000 988 4062 quae
1011 3982 1171 4042 annius
1193 3988 1225 4040 et
1247 3980 1402 4041 Marabius
1427 3998 1498 4042 oum
1521 3999 1558 4040 eo

214 4083 533 4144 communicaverant.
574 4082 638 4145 Sed
656 4083 736 4144 banc
751 4093 1028 4146 monumentorum
1043 4085 1180 4163 speciem
1196 4084 1420 4144 accuratiorem
1437 4092 1468 4144 et
1483 4101 1557 4162 pro-

213 4187 315 4266 priam
349 4185 410 4246 sibi
444 4205 572 4266 operam
606 4205 754 4266 poscere,
800 4198 937 4268 uterque
973 4186 1058 4248 baud
1093 4187 1250 4268 ignoravit
1283 4195 1314 4247 et
1348 4189 1557 4247 Mommsenus

214 4287 333 4351 diserte
356 4287 517 4369 professus
540 4298 588 4352 est
604 4289 666 4351 vol.
685 4291 696 4350 l
714 4311 745 4371 p.
768 4291 827 4350 l88
849 4288 898 4372 (ci.
918 4311 951 4372 p.
972 4291 1046 4368 l89,
1071 4289 1126 4352 ubi
1144 4289 1184 4350 de
1199 4287 1365 4350 Asculanis
1387 4287 1555 4370 loquitur).

213 4393 307 4453 llulto
331 4393 425 4452 etiam
449 4391 548 4471 magis
571 4391 727 4454 eiusmodi
757 4391 873 4455 laboris
896 4395 1069 4456 necessitas
1092 4393 1258 4474 apparuit,
1292 4401 1458 4472 postquam
1481 4391 1555 4452 inde

212 4495 253 4556 ab
276 4513 359 4555 anno
376 4493 456 4554 rsit
482 4495 656 4558 immensus
679 4495 842 4576 glandium
865 4498 1053 4578 scriptarum
1078 4515 1231 4558 numerus
1254 4495 1402 4578 provenit
1424 4504 1455 4556 et
1478 4494 1557 4556 lides

214 4615 321 4658 earum
350 4607 435 4658 tanto
462 4597 568 4660 studio
596 4607 745 4680 tantaque
776 4599 822 4661 ira
850 4599 1021 4680 disceptari
1051 4609 1161 4680 coepta
1190 4609 1248 4661 est.
1294 4599 1403 4678 ltaque
1427 4598 1483 4678 qui
1508 4599 1558 4658 in-

212 4700 440 4781 scriptionibus
464 4703 582 4764 Latinis
613 4701 800 4784 colligendis
831 4703 872 4766 ab
901 4703 1060 4766 academia
1090 4703 1283 4765 berolinensi
1315 4701 1451 4782 delegati
1482 4711 1557 4762 sunt

212 4803 436 4884 decreverunt,
462 4815 499 4867 ut
521 4805 685 4886 glandium
708 4807 816 4868 Latine
840 4807 1064 4888 inscriptarum
1089 4805 1186 4867 editio
1211 4808 1242 4866 in
1266 4807 1322 4866 bac
1346 4802 1556 4885 Ephemeride

212 4907 404 4988 publicanda
437 4918 624 4988 pararetur,
651 4910 785 4990 eiusque
808 4928 917 4971 curam
941 4911 1018 4971 mihi
1040 4907 1325 4971 demandaverunt.

282 5186 304 5246 l)
336 5185 411 5236 Adde
437 5199 506 5250 quoe
525 5185 710 5236 Mommsenus
729 5185 825 5236 eodem
846 5189 967 5250 ternpore
992 5185 1025 5234 de
1058 5185 1108 5234 bac
1132 5198 1161 5234 re
1185 5185 1211 5234 in
1239 5184 1306 5233 dull.
1328 5181 1384 5232 dell’
1405 5183 1467 5230 last.
1489 5185 1555 5231 ⁴862

213 5284 238 5336 p.
260 5273 290 5318 lb
310 5271 386 5321 dixit.
