3772 5992
680 573 839 637 64466446
857 574 1012 626 saverne.
1320 581 1322 587 ·
1469 561 1513 632 91

173 783 246 822 6666
264 770 384 836 primum
403 765 556 830 archetypis
574 765 734 815 examinatis
753 765 950 826 demonstravi,
979 767 1044 814 tunc
1060 763 1142 828 vulgo
1160 765 1282 816 sincerae
1300 775 1360 816 esse
1379 767 1519 818 existime-

174 859 285 916 hautur;
313 856 405 918 itaque
423 852 445 902 si
465 863 534 914 quae
553 862 646 901 aarum
667 853 693 900 ln
711 851 764 900 hoc
781 861 896 900 numero
915 850 1006 901 denuo
1023 850 1235 916 proveniebant,
1260 855 1364 903 tantum
1383 850 1465 913 64614,
1489 857 1518 904 64

172 941 349 1002 diffideretur,
375 941 407 988 64
424 937 521 988 harum
539 936 695 987 accessione
714 936 919 986 4446464666444444
943 934 1011 985 tides
1028 938 1122 998 augeri
1140 941 1168 987 ct
1186 937 1341 988 confirmari
1366 941 1515 1003 putaretur.

172 1031 209 1078 146
233 1027 321 1077 664466
346 1027 410 1076 6664
432 1026 462 1074 64
486 1023 619 1087 genuinae
638 1035 665 1072 n.
682 1017 758 1072 we
778 1035 803 1072 a.
820 1025 885 1071 4664
905 1025 931 1072 64
950 1023 1030 1081 46644
1057 1020 1131 1072 6744
1154 1037 1179 1075 6.
1194 1027 1275 1084 4666,
1303 1023 1380 1075 6746
1399 1039 1424 1075 a.
1440 1029 1517 1088 4666,

171 1127 198 1166 n.
213 1111 263 1162 tis*
277 1114 340 1161 4-46
360 1125 384 1162 a.
400 1112 481 1168 4666,
503 1105 552 1159 st*
566 1113 630 1159 t-te
648 1121 673 1158 a.
689 1111 771 1168 4676,
791 1111 823 1158 64
840 1111 943 1158 466666
963 1108 1060 1159 denen
1079 1108 1174 1172 editis,
1201 1123 1272 1174 quae
1296 1109 1342 1160 illo
1362 1114 1484 1176 46644646
1503 1125 1517 1162 6

173 1210 330 1250 66666466
348 1195 490 1262 praelectis
509 1195 657 1259 acquisitae
671 1197 743 1244 sunt.
762 1219 798 1230 —
815 1194 968 1244 immensus
985 1196 1076 1244 66466
1090 1195 1223 1245 64666664
1236 1195 1375 1259 glandium
1388 1210 1519 1250 numerus

171 1289 197 1336 in
217 1284 315 1349 vulgus
333 1283 392 1334 6644
410 1285 522 1347 coeptus
540 1283 581 1331 664
604 1280 667 1331 4666
685 1279 720 1330 644
738 1293 762 1330 a.
777 1281 852 1330 4674.
879 1279 984 1330 Etenim
1003 1280 1120 1343 primum
1140 1280 1272 1332 4444466466
1285 1281 1441 1345 6664646466
1458 1283 1519 1348 plus

172 1373 318 1430 sescentas,
338 1379 404 1433 quas
418 1366 614 1418 Fauerdcntiua
632 1368 783 1430 acceperat,
803 1363 906 1430 publici
924 1366 990 1416 iuria
1006 1363 1069 1416 46644
1081 1362 1519 1432 compluribus‘besideraterum’

172 1455 308 1508 fasciculis
319 1453 434 1505 adiectis
445 1453 638 1518 plerarumque
651 1449 826 1514 imaginibus;
848 1451 958 1513 deinde,
975 1451 1149 1516 simulatque
1162 1454 1249 1516 444466
1261 1453 1423 1517 666464646ἰί
1436 1457 1520 1507 664466

171 1541 286 1607 prodiit,
310 1539 469 1589 'theodorus
492 1537 578 1599 Bergk
603 1538 630 1586 in
650 1522 804 1588 ¹llnnalibus
827 1535 1015 1586 Bonnensibus
1038 1551 1063 1587 6.
1090 1541 1156 1586 4646
1181 1537 1293 1600 glandes
1317 1541 1422 1591 cxviii
1450 1542 1519 1605 (vide

171 1641 198 1678 n.
213 1627 272 1689 liti)
293 1624 392 1684 edidit,
417 1636 486 1689 quas
503 1622 615 1688 quidem
634 1625 708 1673 tanto
726 1622 817 1672 studio
835 1626 927 1686 utpote
945 1634 1040 1672 suasa
1064 1621 1187 1674 4616446446
1204 1626 1360 1689 suspicione
1381 1627 1520 1678 vindicare

171 1715 286 1764 conatus
302 1713 344 1761 664
355 1711 454 1776 4466646
474 1710 512 1759 146
525 1707 743 1772 66646464646666
759 1705 818 1770 (w
832 1709 923 1770 4-444)
937 1710 1029 1772 utpote
1041 1707 1143 1758 alienas
1156 1708 1357 1763 condemnavit.
1386 1713 1519 1779 Equidem

172 1799 301 1850 Parisinis
314 1797 367 1847 41146
379 1794 523 1860 glandibus
537 1793 587 1844 et*
601 1795 680 1846 s-ttt
700 1795 818 1859 primum
837 1793 919 1844 41666
938 1805 1060 1844 asserere
1079 1795 1191 1845 646466
1209 1793 1340 1860 6644444444,
1359 1801 1386 1848 64
1398 1799 1518 1865 44466466

172 1885 324 1950 glandium,
349 1893 417 1948 ques
434 1882 557 1946 antiquas
576 1892 636 1930 6666
653 1882 759 1930 certum
782 1881 838 1939 est,
861 1880 973 1930 6646446
999 1877 1082 1929 46466
1104 1879 1226 1943 robigine
1244 1880 1374 1947 deceptus
1392 1888 1419 1935 64
1440 1899 1472 1938 66
1490 1900 1519 1937 46

172 1971 300 2021 46666466
324 1967 398 2033 qued
421 1965 567 2032 pleraeque
589 1977 684 2016 omnes
707 1965 897 2030 inscriptiones
921 1976 983 2014 cunt
1010 1963 1062 2015 44146
1082 1963 1138 2014 4646
1156 1967 1351 2031 concinebant,
1377 1983 1447 2034 quae
1466 1973 1518 2022 iarn

172 2057 283 2108 aliunde
304 2057 381 2105 66466
400 2065 488 2117 664466
506 2066 522 2104 6
540 2052 653 2115 66431446
673 2053 745 2116 ipse,
766 2052 812 2116 qui
831 2051 980 2102 earundem
1000 2050 1163 2116 exemplaria
1181 2051 1231 2102 alia
1251 2051 1344 2116 edidit,
1366 2055 1392 2104 lu
1412 2056 1520 2108 dubitu-

173 2145 273 2195 tionem
294 2145 403 2192 4666466
422 2142 512 2199 646644
539 2138 594 2188 1466
612 2137 775 2198 6666661464,
800 2137 874 2201 quod
893 2150 987 2187 eorum
1006 2141 1246 2201 argumentorum,
1271 2139 1371 2204 quibus
1390 2141 1521 2206 [largitus

172 2227 391 2292 Desjardinianas
409 2225 601 2284 damnaverat,
622 2223 674 2274 6146
693 2223 878 2274 intellexeram
897 2221 963 2274 46166
983 2235 1043 2274 6666
1060 2224 1132 2286 (nam
1151 2224 1282 2275 lectiones
1299 2225 1362 2276 41166
1380 2232 1520 2294 suspectae

172 2313 334 2378 Desjardioii
361 2314 452 2372 eraut,
482 2323 536 2360 uon
564 2309 702 2373 glandium
722 2310 868 2374 ipsarum),
898 2307 975 2371 alia¹l
1006 2321 1060 2358 non
1084 2310 1176 2360 minus
1193 2323 1276 2374 quam
1302 2315 1393 2363 contra
1413 2315 1522 2378 1166464-

172 2401 297 2450 64646666
327 2410 448 2463 pugnare
474 2399 567 2446 eontra
591 2395 769 2458 Bergistanos,
797 2405 864 2458 44666
889 2394 999 2459 quidem
1019 2397 1143 2456 agotum
1163 2398 1520 2452 nonexeminaveramsed

172 2485 333 2538 auctoritate
351 2483 469 2546 Bargkii,
496 2483 570 2532 464446
589 2479 689 2531 666646
709 2491 817 2530 66666
837 2478 871 2529 ab
890 2479 945 2530 41146
963 2477 1170 2544 666446466669)
1195 2480 1312 2532 alienam
1331 2489 1522 2536 6666666166-

172 2571 272 2630 dentis‚
293 2569 422 2620 inductus
440 2568 572 2631 genuinas
590 2579 650 2616 esse
668 2562 833 2632 4464614663).
870 2564 1035 2630 scrupulum
1053 2565 1122 2614 mibi
1146 2578 1199 2615 non
1224 2567 1370 2619 mouebant
1388 2572 1439 2621 nisi
1458 2585 1522 2637 per-

172 2669 274 2721 paucae
301 2655 429 2718 (maxime
447 2652 557 2704 Labieni
580 2656 607 2702 64
626 2651 715 2716 6664444
737 2654 763 2702 64
781 2652 840 2701 6444
860 2649 919 2701 16144
939 2652 1048 2701 666466
1067 2651 1248 2715 exhibentes),
1274 2667 1341 2718 quas
1359 2654 1520 2707 dubitationi

173 2743 304 2792 obnoxias
322 2753 382 2791 asse
401 2741 429 2789 in
449 2739 546 2789 litteris
563 2737 597 2788 ed
616 2739 815 2788 4466666666
834 2737 904 2787 66446
922 2736 1009 2788 lassus
1028 2751 1103 2798 6664
1131 2751 1181 2789 666
1206 2737 1314 2803 publice
1338 2743 1408 2792 tacui
1427 2743 1475 2794 sed
1494 2745 1521 2794 46

172 2839 273 2878 664646.
288 2827 354 2876 min.
370 2824 446 2876 acad.
461 2823 579 2874 Beroltn.
594 2826 661 2873 4646
680 2837 707 2888 p.
725 2826 773 2872 477
795 2823 892 2887 scripsi
912 2823 981 2873 duas
999 2824 1190 2888 inscriptiones
1212 2824 1310 2890 (Paapii
1328 2827 1355 2876 64
1373 2827 1432 2878 Diui
1450 2828 1518 2892 16144)

173 2912 274 2964 14644646
299 2911 433 2977 44666666
457 2922 527 2974 quae
552 2910 669 2974 permira
694 2909 786 2959 666664
808 2912 890 2972 atque
913 2909 1042 2974 explicari
1060 2909 1106 2960 4444
1123 2913 1247 2974 possent,
1274 2923 1341 2962 usus
1365 2913 1408 2963 his
1432 2914 1522 2965 verbis

174 2997 237 3050 66144·
255 3000 360 3050 salisam
378 2999 405 3046 64
421 2997 510 3046 1466464
528 2995 682 3058 6644644466.

227 3086 259 3134 44
276 3095 372 3149 parum
392 3087 534 3138 σκεπτικῶς
553 3094 597 3130 66
616 3085 674 3132 466
693 3081 828 3131 iudicasse
851 3094 914 3131 mex
938 3080 1074 3142 intellexi,
1100 3094 1188 3147 neque
1209 3095 1310 3148 paucas
1333 3085 1437 3134 tantum
1463 3086 1522 3137 illas

173 3167 395 3221 condemnandas
417 3179 476 3217 esse
500 3166 547 3217 sed
573 3167 683 3216 omnine
708 3169 761 3216 466
781 3167 998 3228 666464646464466
1023 3179 1104 3230 quam
1123 3167 1285 3230 Bergkianas
1310 3182 1405 3220 66666
1428 3173 1522 3237 paucis

173 3253 316 3306 mensibus
339 3253 488 3303 interiectis
513 3253 540 3302 in
565 3264 665 3302 comm.
687 3253 751 3302 min.
774 3255 839 3301 4676
864 3265 891 3317 p.
907 3254 937 3301 64
953 3264 1012 3316 sqq.
1039 3253 1129 3302 statim
1153 3254 1210 3302 4644
1235 3255 1329 3304 666664
1352 3255 1521 3308 6464114666

173 3353 250 3400 6666,
276 3341 421 3405 postquem
449 3337 643 3388 feuardentius
674 3337 770 3387 harum
798 3337 937 3401 glandium
965 3350 1062 3387 novem
1091 3340 1206 3398 seriem,
1236 3340 1460 3405 inscriptionibus
1487 3343 1522 3394 ab

174 3426 324 3477 audaciore
344 3425 396 3474 iam
416 3423 526 3474 46166446
544 3423 656 3488 proprio
674 3423 758 3473 146446
778 3421 902 3474 confictis
921 3423 1039 3487 4416666,
1059 3423 1124 3473 mihi
1144 3425 1302 3486 transmisit,
1322 3439 1384 3476 cum
1404 3427 1524 3482 editores

174 3513 227 3578 ipsi
252 3513 389 3560 inerrare
413 3521 589 3574 perseverare
613 3508 725 3559 mallent
745 3509 876 3559 conviciis
898 3511 941 3560 usi
967 3512 1060 3559 centra
1084 3521 1162 3570 66444,
1188 3511 1236 3573 4464
1260 3513 1421 3563 6664664466
1446 3528 1522 3565 6666

175 3597 378 3647 4644664646464.
415 3594 601 3658 666464616466
623 3595 694 3644 6646
714 3607 768 3646 666
787 3596 891 3670 destitit
907 3595 967 3646 aliis
985 3593 1121 3646 4666466146
1139 3597 1244 3646 6646466
1265 3599 1402 3648 666464466
1426 3598 1521 3650 146466

177 3685 396 3732 66666646466
419 3680 513 3742 66646,
534 3681 599 3744 quin
619 3681 701 3730 etiarn
719 3681 875 3732 academiae
894 3682 1030 3732 Parisinus
1048 3681 1082 3731 de
1101 3695 1153 3731 une
1173 3683 1363 3747 inscriptione,
1385 3696 1466 3747 quarn
1491 3699 1523 3735 64

176 3780 291 3817 66666
313 3767 377 3816 6664
402 3779 508 3831 pugnae
531 3766 658 3816 Actiacae
682 3780 697 3816 a
717 3765 825 3817 46166446
849 3769 991 3832 repetitam
1016 3780 1077 3817 esse
1101 3769 1127 3818 in
1151 3779 1251 3818 6666.
1271 3769 1337 3819 646.
1359 3773 1425 3819 4676
1449 3785 1476 3836 p.
1492 3775 1524 3820 74

176 3853 325 3903 66666466
341 3853 495 3916 (ni-sanent
511 3847 515 3918 Ι
532 3863 641 3914 rua-riu,
661 3851 722 3903 vide
740 3865 767 3901 6.
783 3849 842 3912 644,
858 3855 907 3902 666
927 3853 953 3902 64
971 3851 1085 3903 6146466
1105 3853 1259 3918 exemplum
1278 3855 1305 3903 in
1325 3854 1420 3906 666646
1439 3854 1523 3907 46466

176 3939 227 3989 666
246 3937 336 4003 paullo
355 3938 445 3986 minus
462 3937 541 4002 plena
561 3949 690 3987 64466666
711 3937 781 3998 664),
800 3939 1057 3988 commentationem
1076 3939 1217 4003 proposuit
1238 3939 1346 4002 (664466
1365 3941 1393 3990 46
1409 3939 1525 4004 0644444466

178 4025 282 4074 handus
294 4026 398 4087 467644.
412 4025 460 4071 466
474 4023 559 4086 sqq),
575 4035 628 4086 qua
647 4023 681 4074 de
699 4023 855 4074 sinceritate
872 4023 952 4089 plane
971 4036 1085 4074 securus
1102 4025 1304 4076 demonstrasse
1322 4025 1373 4076 sihi
1386 4028 1461 4077 visus
1474 4030 1523 4088 664,

176 4123 234 4174 que
253 4111 331 4174 pacto
349 4107 421 4158 bello
434 4109 564 4158 Perusino
583 4109 716 4173 posterior
729 4122 781 4158 nou
801 4121 860 4158 esse
874 4110 968 4174 possit.
990 4110 1128 4160 Postremo
1140 4111 1167 4160 in
1187 4109 1317 4162 466616616
1333 4113 1522 4178 quiniones,

177 4198 245 4261 44664
264 4194 366 4260 44644614,
387 4194 496 4260 oppida,
517 4194 611 4255 duces,
633 4194 753 4258 legiones
766 4195 874 4258 aliaque
887 4207 1000 4260 corpora
1015 4195 1141 4246 militarie
1155 4209 1188 4246 644
1201 4197 1380 4262 scriptoribus
1393 4201 1527 4251 nummis-

178 4293 232 4344 que
258 4281 380 4344 antiquis
398 4284 461 4329 nota
481 4281 574 4330 essent
595 4279 739 4342 (CLXXII),
766 4283 832 4343 quet
850 4292 915 4330 vere
934 4282 988 4330 iam
1008 4279 1152 4343 glandibus
1170 4283 1228 4331 6646
1252 4283 1278 4331 46
1299 4283 1388 4332 16666
1406 4285 1526 4347 prolatae

178 4369 271 4417 essent
291 4365 468 4427 (cclxviii),
495 4360 664 4419 enumeravit
682 4365 797 4415 elencho
816 4377 882 4416 6666
901 4367 1025 4429 speciose
1043 4379 1075 4416 ac
1093 4366 1251 4431 magnifico,
1271 4369 1332 4429 sed,
1355 4369 1459 4419 etiarnsi
1478 4383 1526 4422 eae

249 4625 273 4684 4)
294 4621 343 4673 Ex.
358 4635 398 4686 gr.
413 4622 605 4687 inscriptiones
618 4622 787 4672 diversorum
808 4625 961 4688 temporum
982 4623 1008 4672 in
1023 4621 1117 4672 eadem
1136 4622 1233 4686 glande
1252 4624 1414 4674 coniunctae
1433 4625 1526 4690 (Bergk

178 4721 241 4760 ann.
253 4709 339 4760 141466.
358 4711 390 4758 66
410 4721 436 4773 p.
453 4709 494 4770 66)
514 4707 555 4757 461
575 4707 747 4760 diversorum
766 4709 889 4760 locorum
909 4711 1118 4774 temporumque
1142 4710 1331 4774 inscriptiones
1350 4709 1422 4775 apud
1442 4725 1526 4762 unum

178 4794 308 4847 44666166
333 4795 457 4859 repertae
477 4793 570 4856 (Bergk
589 4808 616 4858 p.
629 4797 670 4857 64,
699 4793 805 4844 cellatis
830 4794 987 4859 Berglriauis
1005 4807 1032 4859 p.
1049 4797 1079 4843 46
1093 4807 1150 4858 64444.
1172 4794 1282 4855 8466146,
1312 4798 1342 4843 46
1358 4809 1416 4859 sqq.
1441 4798 1528 4848 Ascu-

179 4883 259 4942 lanis,
281 4883 312 4930 64
333 4879 485 4942 Perusina).

249 4969 273 5029 6)
295 4969 407 5031 excepta
428 4963 540 5015 6464646
560 4967 641 5016 66466
660 4965 764 5030 glandis
784 4967 970 5032 inscriptione,
991 4965 1025 5016 de
1041 4979 1096 5030 qua
1114 4979 1141 5031 p.
1157 4969 1188 5014 46
1208 4967 1235 5015 16
1255 4965 1428 5017 adnotatione
1446 4967 1528 5018 dubi-

179 5053 309 5103 tationem
334 5051 473 5118 prolessus
491 5055 545 5114 ast,
573 5053 606 5102 446
624 5055 724 5112 46666,
749 5067 819 5118 44666
837 5066 920 5119 supra
939 5051 1119 5102 affirmaverat
1139 5055 1200 5114 (von
1217 5054 1267 5102 6644
1286 5052 1465 5117 thschuaqen
1482 5055 1529 5106 4464·

182 5137 277 5188 44464414
295 5153 331 5190 zu
348 5139 434 5188 446644·
451 5139 562 5202 edilia
579 5139 745 5200 caecutire),
767 5141 825 5204 44466
843 5139 1044 5189 contradicens.

253 5227 276 5288 6)
298 5227 335 5275 146
355 5227 383 5275 46
408 5237 507 5275 comm.
527 5225 591 5276 min.
611 5226 690 5276 acad.
712 5229 778 5276 4676
804 5241 830 5292 p.
854 5229 902 5276 476
928 5225 997 5276 dixi:
1039 5225 1182 5275 0464464646
1205 5227 1239 5274 ist
1263 5227 1304 5275 die
1323 5225 1461 5288 44646666)
1479 5238 1527 5274 666

185 5314 235 5364 447
246 5315 274 5375 44.
295 5313 376 5362 durch
395 5314 436 5362 4446
453 5314 510 5363 6464·
526 5325 576 5362 eon
595 5313 682 5376 Bcrplc
696 5315 852 5376 4464664446
872 5313 966 5364 64446146
984 5314 1024 5362 644
1042 5313 1115 5362 6444414
1133 5314 1261 5375 4644444444.
