3706 5976
322 533 416 583 XXIV
889 519 1089 571 salussam.

423 694 559 776 grapha,
586 701 713 773 reperta
737 709 808 754 esse
832 692 953 755 macto
975 700 1008 754 et
1031 690 1131 754 066464
1145 688 1175 752 d'
1195 687 1273 752 Asso
1294 707 1391 770 supra
1412 692 1596 753 memoravi.
1622 725 1667 736 -

426 797 484 858 Per
512 813 651 860 errorem
674 795 801 856 Siciliae
830 792 970 856 tributae
993 803 1069 856 sunt
1096 790 1228 873 glandes
1255 791 1325 872 agri
1352 791 1465 872 Regini
1487 811 1521 853 n.
1538 792 1590 873 64,
1608 815 1665 856 cr

423 907 454 959 et
477 898 646 960 Perusinae
670 897 722 976 66,
741 917 770 976 ι,
796 894 852 958 64ιί
875 894 960 958 vide.

344 1000 419 1064 226.
447 999 674 1081 [Aquileiae
704 1007 832 1080 reperta
860 1015 930 1060 osse
957 995 1075 1060 dicitur
1096 1014 1129 1057 n.
1148 995 1232 1074 66,ι
1256 1013 1338 1075 quae
1360 1013 1424 1058 non
1452 993 1564 1059 dubito
1586 998 1664 1078 quin

421 1101 549 1164 Perusia
570 1099 778 1182 provenerit]

345 1203 398 1265 23.
424 1201 597 1284 Apsorus
617 1201 748 1284 (Ossero)
770 1204 803 1264 in
819 1203 923 1264 insula
934 1199 1103 1263 Liburniae
1117 1199 1210 1262 Crexi
1231 1198 1377 1280 (chersa).
1401 1198 1480 1262 Vide
1493 1219 1525 1262 n.
1541 1202 1601 1263 469
1614 1221 1662 1283 sq.

345 1305 399 1367 24.
425 1305 638 1386 Hispania.
684 1305 763 1369 Vide
786 1323 819 1367 n.
838 1305 877 1366 49
901 1311 933 1366 64
955 1302 1009 1363 66.
1375 1301 1380 1310 ’

783 1661 920 1732 INDEX
946 1658 1200 1732 MVSEORVM.

324 1828 507 1911 Augusta
529 1831 808 1908 Taurinorum,
833 1845 935 1890 musco
958 1826 992 1889 di
1013 1828 1197 1910 crttptterta.
1233 1829 1312 1891 Tres
1334 1836 1523 1908 quattuorve
1546 1831 1682 1911 accepit.

368 1933 409 1995 ab
438 1933 559 2013 Erolio,
596 1941 633 1994 ut
662 1933 690 1994 is
720 1933 867 1993 Henneno
888 1937 1023 1992 testatus
1052 1937 1101 1992 est
1129 1949 1159 1991 a.
1186 1931 1279 1992 4882.
1340 1929 1529 2012 hpographa
1557 1932 1667 1997 eodem

367 2052 449 2098 anno
471 2034 564 2097 nohis
585 2034 725 2114 benigne
748 2033 835 2094 misit
848 2033 1035 2094 Vincentius
1057 2032 1186 2111 Promis,
1211 2031 1470 2095 bibliothecarius
1492 2035 1608 2114 regius.
1628 2067 1667 2081 -

373 2136 454 2200 Vide
481 2155 515 2198 ιι.
535 2137 586 2216 72,
605 2155 619 2198 ι
641 2145 673 2198 64
694 2154 727 2197 n.
754 2135 822 2212 90⁴⁸,
843 2154 897 2196 1-s.

325 2238 584 2302 Mediolanum.
610 2237 639 2318 c)
660 2238 802 2299 lluseum
824 2234 1093 2316 archaeologicum
1112 2233 1256 2316 possidet
1271 2237 1438 2298 Perusinas
1453 2235 1543 2316 duas,
1569 2238 1669 2301 dona-

369 2349 417 2402 tas
432 2357 451 2401 a
466 2338 640 2420 Seraphino
655 2337 737 2418 Biifi,
756 2355 892 2417 quarum
907 2353 971 2398 una
985 2355 1048 2398 non
1065 2345 1114 2399 est
1129 2338 1291 2418 inscripta,
1310 2337 1409 2400 altera
1425 2347 1474 2400 cst
1488 2357 1520 2402 n.
1539 2341 1591 2420 86,
1610 2359 1635 2402 ι.

369 2441 396 2524 6)
422 2443 564 2504 lluseum
579 2460 598 2502 a
612 2439 838 2502 Pcldi-Pcaatli
857 2439 888 2521 (†
902 2437 994 2520 4879)
1014 2439 1188 2520 municipio
1209 2437 1361 2502 donatum
1383 2439 1525 2521 possidet
1540 2441 1671 2523 glandes

427 2551 494 2605 tres
517 2543 726 2622 inscriptione
748 2550 906 2621 carentes,
931 2559 1027 2603 unam
1050 2559 1154 2622 nuper
1174 2543 1318 2604 incusam
1340 2561 1373 2604 n.
1399 2542 1470 2619 734,
1488 2564 1512 2605 r.
1551 2546 1674 2610 664646-

426 2663 485 2726 gus
508 2646 584 2706 anni
607 2644 685 2706 4884
725 2641 749 2725 (ι
758 2642 810 2707 ide
831 2639 1003 2706 ductorum
1033 2640 1170 2704 indicem
1200 2661 1226 2704 s.
1251 2661 1284 2706 v.
1310 2642 1545 2726 Poldi-Pcraoli)
1572 2665 1605 2727 p.
1631 2649 1670 2708 68

426 2746 569 2809 breviter
590 2753 753 2808 memorat.

373 2848 399 2932 c)
425 2848 581 2911 Hamilcar
602 2846 742 2910 Ancona.
787 2844 866 2908 Vide
888 2863 986 2926 supra
1009 2865 1042 2925 p.
1060 2846 1131 2906 xlx
1152 2864 1186 2908 n.
1204 2863 1239 2908 ιιι
1247 2879 1265 2910 e.
1281 2865 1322 2908 rr.
1342 2881 1381 2892 -
1399 2848 1506 2911 Prodit
1530 2851 1671 2934 Gotalcgo

426 2951 601 3014 6666444466
617 2949 694 3012 delle
707 2949 839 3011 raccolte
861 2949 971 3031 aptata,
987 2965 1178 3029 preromocc
1193 2947 1230 3010 cd
1245 2956 1512 3013 causeo-rorasse
1526 2951 1561 3014 di
1573 2949 1671 3016 Amit-

425 3069 498 3114 cure
512 3049 638 3114 Ancona
663 3047 785 3136 (4444666
802 3049 886 3112 4886
902 3047 1023 3131 sequ),
1052 3047 1112 3111 sed
1133 3049 1174 3112 ad
1195 3051 1252 3112 has
1274 3069 1326 3113 res
1347 3051 1489 3115 nondum
1509 3056 1669 3135 pervenit.

331 3153 456 3216 Vdicc.
505 3152 585 3216 Vide
607 3173 640 3216 ιι.
665 3150 737 3232 844,
756 3173 826 3216 ι-ιι.

326 3257 512 3318 Fcrrcra.
559 3255 710 3336 Iosephus
740 3255 885 3318 Boschini
914 3253 1098 3335 possidebat
1126 3252 1207 3316 duas
1236 3253 1367 3335 glandes
1393 3255 1477 3337 (6.4
1509 3257 1616 3320 adnot.
1641 3267 1673 3320 et

370 3357 456 3440 442),
482 3357 523 3420 ab
544 3354 667 3420 hlessio
692 3355 798 3439 (4829)
826 3365 858 3418 64
879 3357 1003 3417 llinicio
1025 3363 1223 3417 memoratas.

325 3459 511 3522 Bononia.
555 3459 591 3519 ln
620 3476 730 3520 museo
752 3457 969 3521 universitatis
995 3454 1244 3519 asservabantur
1269 3458 1393 3537 8Sept.
1414 3459 1509 3539 4877,
1534 3479 1597 3540 quo
1620 3458 1672 3522 die

369 3560 448 3640 vidi,
475 3557 607 3641 glandes
627 3557 779 3621 undecim
801 3559 934 3639 originis
960 3577 1023 3620 uon
1046 3557 1219 3634 indicatae;
1258 3559 1343 3620 inter
1370 3577 1424 3622 eas
1451 3570 1572 3642 septem
1599 3573 1674 3626 sunt

369 3663 478 3724 Latine
508 3663 681 3742 inscriptae
704 3677 737 3720 n.
757 3662 787 3740 4,
808 3681 846 3722 ιι.
872 3661 902 3740 6,
922 3681 961 3724 ιι.
993 3661 1047 3738 24,
1067 3682 1105 3723 ιι.
1130 3661 1184 3739 36,
1204 3682 1241 3724 ιι.
1267 3661 1320 3722 88.
1354 3662 1427 3740 443,
1446 3683 1470 3724 ι.
1503 3664 1576 3744 446,
1609 3683 1673 3728 666

370 3763 489 3826 Graece
501 3764 665 3844 inscripta,
684 3769 749 3824 tres
761 3762 968 3843 inscriptione
979 3772 1134 3825 carentes.
1148 3795 1192 3807 —
1203 3762 1249 3824 De
1260 3761 1474 3828 Aldrovandio
1485 3765 1598 3830 viden.
1611 3765 1669 3847 7,6.

328 3865 461 3946 Cupra
481 3866 677 3926 Montana.
724 3861 803 3926 Vide
826 3883 858 3926 ιι.
875 3863 946 3926 884.

326 3967 516 4029 Firmum.
573 3966 715 4030 Caietani
745 3963 786 4028 de
814 3965 938 4028 ltiniois
971 3964 1001 4046 (†
1017 3965 1057 4029 27
1075 3968 1166 4029 hlart.
1193 3965 1287 4048 4874)
1320 3968 1468 4048 supellex
1495 3971 1674 4050 antiquaria

368 4075 594 4149 postmortem
617 4067 688 4130 eius
709 4066 874 4130 divendita
896 4076 958 4145 est;
985 4067 1148 4148 glandium
1171 4087 1237 4132 una
1263 4067 1307 4151 (n.
1328 4067 1380 4151 66)
1407 4069 1449 4132 ad
1471 4069 1676 4134 Guardahas-

368 4170 469 4249 sium,
495 4169 562 4230 xvl
584 4167 626 4230 ad
647 4169 907 4232 llossi-Scottium
930 4151 1097 4233 Perusinos
1117 4179 1336 4251 pervenerunt
1362 4169 1404 4252 (v.
1421 4192 1455 4253 p.
1473 4173 1593 4254 XXVI).

326 4273 634 4353 Ripatroosoae.
686 4271 720 4332 ln
751 4289 861 4334 museo
891 4271 986 4334 falsas
1014 4272 1096 4335 vidit
1126 4271 1329 4336 Gabriollius.
1361 4307 1406 4319 -
1433 4275 1478 4336 De
1508 4277 1673 4339 Francisoo

369 4375 495 4438 Sciarra
518 4371 653 4437 Condivi
675 4372 717 4434 64.
741 4371 783 4434 ad
804 4391 836 4435 n.
856 4372 908 4449 36,
926 4393 951 4435 ι.

326 4473 742 4539 asculum-Picenum.
789 4473 818 4558 6)
844 4475 880 4536 ln
896 4493 1005 4538 museo
1020 4476 1120 4538 civico
1135 4469 1287 4538 autumno
1309 4475 1385 4540 anni
1403 4475 1486 4540 4877
1502 4477 1567 4540 vidi
1583 4479 1675 4560 glan-

370 4575 429 4640 des
450 4579 606 4659 genuinas
629 4579 798 4659 inscriptas
821 4575 909 4656 CXV,
946 4595 1025 4656 quas
1055 4577 1186 4640 exhibui
1209 4597 1241 4640 n.
1260 4579 1356 4640 3-9.
1384 4580 1435 4642 42.
1462 4579 1514 4642 46.
1542 4580 1593 4642 46.
1620 4581 1671 4642 48.

370 4679 509 4743 24-24,
528 4680 668 4742 26-34.
686 4679 809 4742 illuct.
827 4679 881 4740 38.
901 4680 953 4740 42.
972 4678 1024 4740 43.
1043 4679 1100 4757 46,
1134 4679 1184 4742 his
1206 4698 1235 4742 a.
1263 4680 1345 4742 4878
1368 4690 1401 4743 64
1424 4680 1506 4744 4879
1530 4700 1676 4746 accesse-

369 4789 446 4842 runt
460 4782 602 4862 quinque
618 4783 661 4864 (6.
681 4783 711 4862 6,
730 4802 769 4844 ιι.
786 4800 871 4847 aces.
890 4779 957 4863 36).
998 4780 1152 4853 Quattuor
1167 4781 1419 4864 Corropolitanae
1442 4793 1533 4865 sunt,
1553 4793 1675 4848 ceterae

368 4900 492 4962 omnes,
517 4883 613 4946 etiam
636 4903 703 4962 eae,
727 4901 863 4965 quarum
885 4883 973 4964 origo
995 4901 1060 4946 non
1082 4881 1202 4947 diserto
1217 4883 1364 4950 adnotata
1386 4896 1445 4967 est,
1472 4886 1673 4950 hauddubie

369 4983 496 5064 Asculi,
526 4983 674 5066 inprimis
702 4985 736 5048 in
764 4985 934 5049 6664644664
957 4985 1046 5048 alveo
1075 4993 1222 5066 repertae
1244 4997 1330 5050 eunt.
1382 4989 1494 5052 Exstat
1516 4989 1676 5072 catalogus

337 5120 341 5129 ·
369 5088 504 5166 ms.,jn
526 5105 589 5167 quo
611 5085 728 5167 cuique
750 5086 859 5169 glandi
881 5086 1065 5150 adnotatum
1088 5095 1147 5167 est,
1174 5106 1237 5169 quc
1261 5107 1344 5152 anno
1366 5100 1409 5170 et,
1435 5093 1464 5154 ei
1486 5100 1592 5173 empta
1614 5099 1673 5170 cst,

370 5207 433 5270 quo
454 5189 558 5271 pretio
580 5189 737 5270 acquisita
758 5189 810 5269 sit,
837 5189 947 5252 multis
968 5199 1143 5270 practerea,
1168 5189 1225 5254 ubi
1249 5199 1395 5273 repertae
1415 5193 1481 5255 sint
1503 5202 1557 5258 aut
1579 5211 1675 5275 aquo
