3706 5976
362 545 411 616 26
841 560 999 611 acaunus
1018 560 1224 612 aecvnanan

361 753 433 809 vidit
455 739 471 808 ‘o
494 745 577 808 δεῖνα
593 753 756 810 Gronovius
775 757 823 810 oui
846 755 1029 824 inscriptum.
1069 755 1194 826 Fapitici
1214 740 1347 812 Perictia'.
1384 754 1566 828 Quamquam
1590 773 1708 826 vereor,

361 873 397 912 ne
420 857 445 912 is
473 848 505 930 (l.
525 856 568 910 Fr.
590 848 765 932 Gronovius)
791 872 850 914 non
872 859 964 926 ipsam
987 857 1132 929 glandem,
1159 857 1212 914 sed
1235 858 1322 927 Lipsii
1344 861 1497 929 imaginem
1519 859 1633 915 viderit.

445 959 537 1029 Prope
552 955 692 1014 Asculum
707 965 822 1031 reperta
838 976 902 1016 esse
919 961 1050 1029 traditur,
1071 976 1199 1030 quocum
1214 963 1321 1032 optime
1338 964 1473 1018 convenit
1488 961 1599 1034 glandis
1615 963 1711 1018 iorma

359 1067 391 1116 ut
413 1059 564 1117 Asculanis
587 1063 736 1134 plerisque
758 1063 873 1138 similis,
907 1065 945 1119 ita
968 1081 985 1118 a
1007 1064 1153 1120 Perusinis
1175 1065 1325 1134 magisque
1347 1066 1433 1120 etiam
1456 1063 1560 1121 Siculis
1583 1064 1707 1120 distans.

359 1165 460 1236 ltaque
489 1170 570 1221 recte
601 1165 673 1222 baec
703 1181 821 1238 quoque
852 1165 889 1222 ad
911 1169 1058 1224 sociorum
1080 1166 1191 1223 bellum
1220 1167 1363 1223 reseretur
1385 1175 1413 1223 et
1435 1168 1473 1222 ita
1501 1166 1707 1238 explicabitur,

359 1273 391 1322 ut
417 1269 490 1324 socii
512 1266 638 1324 rebelles
659 1251 786 1324 ‘militari
808 1269 966 1325 acerbitate
989 1269 1156 1326 aliomauis
1177 1269 1311 1326 dicantur
1325 1255 1446 1341 lugitivi'
1479 1261 1647 1344 (Mommsen
1669 1269 1709 1324 ad

359 1369 444 1440 Corp.
471 1371 483 1424 1
506 1385 536 1426 n.
560 1364 653 1447 646),
686 1371 742 1426 nisi
766 1371 838 1427 iorte
861 1371 916 1427 boc
938 1371 1083 1428 vocabulo
1105 1387 1160 1442 per
1189 1373 1352 1428 convicium
1378 1373 1497 1429 asociis
1519 1373 1710 1442 increpantur

359 1470 496 1540 libertini,
530 1475 579 1542 qui
603 1477 672 1529 tunc
694 1475 820 1544 primum
850 1474 972 1530 militare
1003 1481 1163 1546 coeperunt
1191 1466 1262 1548 (Liv.
1287 1491 1350 1545 per.
1376 1477 1426 1542 44,
1459 1473 1583 1546 Appian.
1609 1473 1620 1526 l
1646 1477 1703 1537 to;

359 1573 490 1631 Macrob.
508 1574 569 1631 Sat.
588 1577 599 1630 4
620 1580 667 1644 44,
689 1581 746 1634 32:
773 1575 845 1633 bello
860 1579 963 1634 sociali
977 1578 1134 1634 cohortium
1149 1578 1296 1634 duodecim
1318 1593 1355 1632 em
1378 1576 1516 1633 libertinis
1530 1579 1710 1651 conscripto-

359 1693 422 1731 rum
453 1694 540 1750 opero
568 1679 762 1736 memorabilis
789 1682 904 1736 virtutis
930 1681 1079 1754 oppomit;
1113 1682 1151 1738 ci.
1182 1680 1349 1752 Marquardt
1375 1679 1651 1752 Stoatoccrwoltnap
1680 1681 1708 1734 ll

359 1796 389 1850 p.
410 1773 497 1856 449).
516 1783 684 1853 -Lipsius
707 1799 772 1839 cum
797 1798 891 1855 eoque
906 1785 1038 1840 Minicius
1054 1783 1090 1839 ad
1105 1784 1215 1840 bellum
1234 1783 1340 1839 servile
1360 1782 1546 1848 rettulerunt;
1572 1767 1612 1838 ‘at
1626 1785 1707 1838 servi

358 1897 497 1954 umquam
519 1885 549 1939 in
572 1885 675 1942 Picena
696 1885 770 1942 urbe
797 1885 910 1943 obsessi
937 1902 1003 1943 esse
1033 1902 1092 1944 non
1124 1873 1286 1943 traduntur³
1318 1879 1459 1963 (Momms.
1484 1885 1504 1940 l.
1523 1879 1572 1960 l).
1619 1885 1708 1940 Cete-

359 1999 424 2040 rum
447 1985 579 2056 glandem
602 1989 695 2044 musei
725 1987 904 2044 Kircberiani
927 1982 1059 2064 (Corpl
1089 2005 1118 2044 n.
1144 1988 1215 2064 6464
1243 1990 1411 2060 inscriptam
1440 1989 1514 2044 serui
1541 1978 1710 2064 (fflcriatiſs)

358 2089 488 2155 spuriam
518 2105 583 2146 esse
606 2090 734 2146 intellexi
763 2083 841 2165 (vide
863 2106 892 2146 n.
916 2087 995 2166 tt*);
1033 2106 1121 2162 quam
1151 2093 1202 2164 qui
1229 2091 1376 2159 confinxit,
1411 2095 1529 2147 secutus
1559 2097 1602 2145 est
1629 2089 1708 2146 banc

328 2197 331 2205 *
355 2188 444 2260 ,Lipsii
468 2193 745 2262 interpretationem.
776 2194 935 2249 —Tertia
962 2211 978 2249 a
1006 2195 1120 2251 Minicio
1151 2194 1186 2250 ad
1214 2193 1344 2266 Spartaci
1372 2193 1481 2250 bellum
1509 2193 1599 2248 relata
1622 2193 1708 2262 glans

364 2286 388 2364 (s
411 2305 426 2346 4
449 2287 474 2367 4)
505 2295 589 2351 valde
611 2301 747 2367 suspecta
770 2303 829 2366 est;
856 2297 923 2353 vide
946 2313 975 2351 n.
996 2301 1046 2354 46.

362 2520 636 2604 ll[=corp.1x
658 2549 688 2588 n.
709 2527 883 2608 6086,x1v]
924 2541 1040 2605 reperta
1062 2535 1211 2606 Gorropoli
1238 2529 1275 2610 [a.
1299 2539 1378 2592 4644
1409 2535 1469 2590 vidi
1499 2533 1596 2590 Asculi
1625 2533 1706 2604 apud

402 2632 602 2690 Venturinium
624 2631 798 2709 aurificem].
846 2637 985 2707 llobigine
1007 2637 1073 2694 alba
1095 2637 1211 2695 obtecta
1235 2646 1288 2694 est.

359 3373 430 3431 Tab.
450 3374 521 3430 446.
568 3373 716 3444 Descripsi
738 3379 770 3428 ut
792 3389 891 3444 supra.

443 3475 550 3545 Quarta
565 3475 661 3531 littera
677 3481 705 3532 et
720 3491 822 3532 aversa
837 3477 949 3548 glandis
964 3493 1031 3548 pars
1047 3478 1107 3533 iere
1124 3482 1182 3534 tota
1197 3477 1272 3534 maie
1288 3478 1403 3536 babilae
1419 3487 1496 3538 sunt.
1535 3483 1704 3554 Legendum

358 3579 387 3635 C.
416 3569 545 3656 Cadssru)
568 3607 607 3617 -
633 3578 669 3634 C.
683 3621 690 3633 .
705 3618 732 3634 ..
758 3607 801 3618 -
824 3579 855 3634 ln
878 3581 1065 3648 inscriptione
1087 3581 1173 3652 Corp.
1197 3581 1256 3638 vol.
1274 3581 1314 3636 lX
1337 3599 1365 3638 n.
1392 3587 1472 3640 3056
1497 3586 1558 3656 agri
1580 3586 1704 3643 tortasse

357 3681 557 3738 Sulmonensis
572 3679 699 3738 habetur
716 3681 746 3738 0.
766 3681 869 3738 Cadius
883 3682 1028 3751 Proculus,
1048 3683 1094 3738 alii
1110 3683 1168 3740 duo
1184 3683 1216 3740 C.
1234 3683 1316 3740 Kadii
1331 3685 1418 3757 Corp.
1437 3687 1495 3742 vol.
1514 3687 1541 3741 Χ
1556 3703 1586 3742 n.
1608 3693 1617 3743 4
1631 3692 1702 3746 468.

359 3911 633 3993 15[=uorp.1x
655 3937 684 3976 n.
707 3926 800 3990 6666,
819 3916 869 3998 xv]
910 3916 988 3998 [inde
1012 3923 1049 3980 ab
1073 3940 1100 3978 a.
1122 3927 1201 3980 4868
1226 3925 1256 3978 in
1278 3939 1379 3980 museo
1394 3923 1539 3982 Asculano
1562 3943 1591 3981 n.
1613 3921 1702 4002 ⁶77]-

400 4021 509 4077 Pendet
533 4026 565 4078 at
588 4037 644 4092 gr„
673 4023 725 4079 sed
748 4023 830 4084 deest
852 4045 929 4100 pars.
977 4025 1148 4097 Robiginem
1169 4025 1257 4081 habet
1280 4026 1482 4098 ferrugineam.

354 4713 426 4770 Tab.
445 4716 530 4776 115„
563 4715 711 4785 Descripsi
735 4721 765 4771 ut
788 4729 888 4786 supra.
982 4797 984 4802 ι

442 4817 565 4890 cogitari
590 4823 685 4889 potest
714 4835 759 4874 44.
785 4834 829 4890 gr.
857 4815 893 4872 de
916 4817 1016 4873 llarsis
1039 4817 1085 4872 vel
1108 4818 1287 4874 Marrucinis.

357 5049 398 5115 16
417 5051 569 5132 [=Gorp.
584 5057 624 5113 lX
640 5075 668 5114 n.
687 5063 780 5126 6686,
796 5049 856 5131 avr]
895 5061 904 5112 4
926 5071 1021 5127 nuper
1042 5072 1105 5128 rep.
1125 5072 1216 5128 prope
1232 5057 1370 5116 Asculum
1392 5063 1423 5116 in
1445 5060 1562 5119 llumine
1575 5063 1701 5121 Truento

441 5174 511 5217 urs.
557 5161 629 5217 Eam
650 5160 784 5232 glandem
807 5160 976 5230 frequenter
998 5159 1027 5214 in
1046 5159 1163 5216 Truenti
1185 5162 1257 5233 ripis
1279 5169 1425 5233 repertam
1448 5179 1514 5220 esse
1536 5166 1575 5221 ait
1598 5179 1697 5224 strare.

438 5281 470 5357 p.
492 5268 563 5332 446,
590 5269 618 5320 44
641 5270 738 5336 testes,
765 5277 840 5334 quos
862 5261 969 5330 laudat,
996 5261 1074 5319 idem
1096 5262 1151 5320 hoc
1167 5264 1255 5336 Lipsii
1278 5265 1444 5338 exemplum
1465 5271 1676 5338 repetiverunt.
