3772 5992
345 547 392 617 54
830 561 986 612 8888888
1004 561 1204 612 8888888888.

344 761 394 814 886.
417 761 554 813 63-68.
574 758 625 812 78.
646 761 697 814 78.
719 761 756 814 88
782 763 811 813 88
832 754 1030 827 probabiliter,
1058 763 1089 812 ut
1109 756 1178 823 dixi,
1203 761 1324 828 propter
1346 756 1475 814 fulminis
1497 758 1619 830 liguram
1641 762 1688 817 vel

343 861 430 915 etiam
458 853 519 933 (76)
545 865 664 930 propter
686 859 827 929 legionem
853 863 904 916 88.
929 863 981 915 83.
1007 864 1058 915 to.
1085 863 1135 916 9³.
1161 863 1212 916 88.
1240 863 1310 915 loti.
1337 862 1406 917 888.
1435 865 1510 927 tos,
1544 877 1598 918 nec
1629 879 1687 920 non

347 955 468 1038 (collatis
493 967 543 1020 88.
572 958 621 1036 83)
651 965 684 1018 tt
714 968 742 1018 et
766 965 816 1020 88.
865 962 985 1019 Ceterae
1013 964 1108 1019 utrius
1138 963 1228 1032 partis
1256 963 1379 1031 luerint,
1413 963 1442 1020 in
1472 963 1607 1035 ambiguo
1637 982 1688 1022 re-

344 1065 494 1136 linquitur.

342 1433 450 1518 52[=
467 1442 552 1514 Corp.
573 1444 583 1496 l
607 1457 636 1498 8.
657 1435 728 1516 688)
756 1443 904 1508 Perusina,
930 1443 969 1498 da
991 1458 1036 1496 me
1057 1459 1113 1498 non
1136 1442 1174 1496 lta
1188 1445 1274 1513 gnari
1290 1445 1450 1515 acquistare
1472 1421 1694 1521 sossi-scorti

407 1561 446 1600 m.
466 1544 556 1616 April.
579 1549 677 1612 8868,
712 1545 762 1617 qui
793 1543 888 1601 adhuc
917 1543 1058 1616 possidet.
1106 1541 1277 1615 llohiginem
1307 1542 1395 1600 habet
1423 1544 1527 1601 ssavam
1555 1531 1687 1620 intraque

408 1663 472 1703 eam
488 1649 681 1704 cineraceam.
721 1649 849 1703 Duarum
864 1649 1025 1717 marginum
1044 1654 1097 1714 est,
1124 1646 1175 1702 sed
1200 1649 1274 1702 inter
1288 1649 1399 1702 aulicae
1422 1665 1451 1704 v.
1471 1653 1480 1704 8
1504 1655 1565 1706 888
1590 1650 1689 1722 plum-¹

408 1749 478 1806 bum
501 1749 633 1806 nonnihil
656 1751 773 1804 eminet.
820 1749 930 1805 Pendet
956 1743 1039 1824 (88888
1062 1747 1170 1805 Scottio
1192 1765 1222 1819 p.
1244 1743 1314 1822 888)
1339 1740 1421 1826 ³³¹l2
1438 1767 1481 1822 gr.
1596 1821 1604 1832 ι
1686 1726 1690 1736 ’

948 1917 970 1958 Μ
989 1917 1078 1957 ·ΑΝΤ

952 2003 1076 2102 eur

972 2082 1087 2230 *a

342 2331 499 2402 Descripsi.
524 2361 567 2370 —
590 2331 643 2387 Ed.
669 2331 731 2388 loh.
758 2333 839 2402 Bapt.
866 2347 964 2388 comes
988 2327 1177 2387 llossi-Scotti
1202 2330 1337 2386 Giomale
1352 2333 1687 2404 scientifico-lettcrorio-

342 2436 457 2506 agrario
488 2435 519 2489 di
541 2435 661 2506 Pemgio
687 2437 766 2491 88889
797 2451 827 2504 p.
848 2439 885 2491 66
923 2429 1001 2507 (8888
1024 2433 1184 2490 Mommsen
1207 2433 1293 2504 corp.
1320 2433 1330 2488 l
1356 2433 1447 2508 688);
1482 2435 1561 2490 idem
1590 2436 1684 2493 addita

340 2537 463 2606 imagine
491 2537 636 2593 Periodico
667 2538 697 2592 di
723 2538 924 2592 nomismatica
946 2537 983 2592 lll
1017 2529 1121 2610 (8888)
1155 2553 1184 2606 p.
1209 2540 1277 2592 888.
1311 2565 1355 2574 -
1384 2537 1523 2594 Memorat
1550 2531 1622 2616 (scil.
1650 2555 1685 2594 ex

340 2633 527 2712 Mommseno]
557 2639 733 2696 Garruccius
756 2638 826 2710 Syll.
852 2655 880 2710 p.
903 2641 974 2707 868,
1002 2643 1173 2708 suspectans
1195 2639 1258 2693 sine
1281 2639 1340 2694 ulla
1363 2655 1459 2695 causa.

427 2741 518 2813 Lego:
545 2743 586 2800 Μ.
611 2733 775 2818 Antfhnioa)
797 2741 843 2797 vel
867 2733 999 2819 Antfimi)
1017 2731 1023 2818 Ι
1042 2743 1111 2814 imp.
1137 2744 1205 2813 imp,
1255 2741 1285 2794 V.
1313 2745 1328 2796 8
1354 2739 1499 2798 difficilius
1521 2746 1689 2812 agnoscitur

340 2843 392 2900 sed
415 2843 502 2900 lectio
534 2859 598 2900 mea
627 2847 704 2898 certa
728 2849 782 2900 est.
837 2843 968 2901 Fortasse
999 2843 1184 2914 cogitandum
1214 2849 1259 2898 est
1287 2842 1324 2899 de
1353 2843 1389 2898 li.
1415 2841 1529 2901 Antonii
1559 2847 1688 2917 impera-

339 2949 410 3003 toris
433 2949 461 3001 in
478 2945 596 3002 Oriente
617 2939 766 3022 (Aegypto)
794 2945 924 3004 absentis
947 2949 1130 3004 invocatione
1153 2945 1198 3002 vel
1221 2947 1429 3018 imprecatione
1451 2963 1468 3002 a
1491 2947 1569 3004 Lucii
1591 2925 1687 3005 iratris

339 3047 533 3106 funditoribus
556 3049 707 3120 inscripta.
737 3079 779 3088 —
806 3051 838 3104 ln
861 3066 964 3107 averso
987 3049 1077 3106 latere
1100 3032 1193 3105 littera
1218 3061 1241 3102 88
1264 3049 1299 3104 88
1324 3051 1483 3120 marginem
1505 3055 1687 3122 superiorem

338 3151 391 3208 sed
422 3167 478 3208 non
506 3154 535 3206 in
561 3151 657 3208 media
683 3152 787 3222 glande
818 3153 870 3208 sed
897 3155 1019 3224 propius
1046 3152 1150 3224 angulo
1180 3151 1281 3207 dextro
1310 3153 1401 3222 posita
1425 3161 1484 3222 est,
1518 3155 1686 3226 quecquid

339 3253 490 3324 significet,
517 3254 638 3309 divinari
663 3256 780 3311 omnino
804 3271 862 3312 non
884 3263 989 3325 potest.

340 3433 383 3500 53
408 3435 554 3516 [Perusiae
584 3445 613 3498 in
637 3438 764 3515 museo]
809 3442 987 3516 Amygdalae
1019 3445 1139 3500 iormam
1169 3442 1257 3499 habet
1285 3450 1313 3497 et
1340 3447 1477 3513 quattuor
1507 3443 1687 3516 marginibus

404 3546 433 3598 in
456 3559 539 3600 areas
562 3545 681 3601 totidem
704 3545 797 3600 divisa
822 3551 875 3601 est.

881 3665 900 3720 d
957 3675 1045 3720 (necue)

880 3854 894 3891 0
958 3847 1051 3892 FER-x

881 4007 895 4062 b
952 4000 1116 4092 (genev-Q

787 4247 790 4254 ,
880 4197 898 4234 o
954 4193 1093 4240 waren

338 4331 497 4403 Descripsi.
523 4358 566 4368 -—
588 4331 640 4387 Ed.
669 4331 793 4387 Fabretti
816 4331 901 4404 Corp.
921 4334 1012 4389 lnscr.
1031 4333 1088 4389 ital.
1108 4351 1138 4390 8.
1159 4338 1239 4392 8688
1258 4334 1312 4400 bic,
1346 4341 1413 4390 aet
1442 4334 1500 4390 tab.
1520 4334 1604 4389 xL1v
1629 4335 1684 4390 de-

337 4433 471 4490 lineatam
495 4451 511 4489 a
535 4433 668 4491 Caietano
692 4435 734 4490 De
756 4436 878 4504 Minicia,
906 4436 957 4492 sed
982 4439 1028 4492 vin
1050 4443 1082 4493 ut
1105 4451 1254 4509 agnoscas.

422 4537 519 4593 Lectio
537 4539 714 4606 8888888888,
742 4541 866 4594 maxime
882 4539 1004 4595 laterum
1021 4547 1082 4596 888
1098 4558 1126 4606 c;
1154 4545 1251 4596 estne:
1290 4539 1369 4612 selec>
1388 4530 1393 4614 )
1413 4540 1452 4596 Μ.
1467 4541 1538 4595 Anto
1559 4531 1564 4618 Ι
1583 4530 1685 4616 lafita)

334 4630 482 4716 88888888

332 4817 542 4902 54[=Corp.
562 4829 572 4882 l
596 4843 625 4882 8.
647 4821 719 4904 cot]
753 4830 897 4886 sineloco
925 4825 963 4904 (88
980 4845 1080 4886 museo
1097 4824 1260 4906 Perusino]
1301 4831 1429 4886 Duarum
1446 4831 1606 4901 marginum
1624 4837 1676 4899 est,

401 4931 484 4998 longa
509 4934 617 5003 6,(839,
645 4947 741 4986 crassa
766 4937 874 4996 0,ot8.

892 5082 1118 5142 thfflffls

893 5179 1064 5228 VB35E13

891 5267 1115 5352 filiiflii!
