3772 5992
661 546 816 596 stannes
833 546 1035 596 Pnnvsmlln.

590 742 741 798 Lectiones
763 743 810 796 alii
833 741 1017 812 protulerunt
1038 741 1104 797 has:

268 867 277 918 l
312 857 474 940 (Marchins)
502 861 578 933 apud
602 863 718 918 llinlc.:
745 873 883 918 caesaav
927 855 948 936 )(
996 854 1117 917 εειιειιῖι
1143 855 1261 937 [omisso
1284 855 1410 936 fulmine)

307 1005 384 1063 idem
406 1024 454 1078 ap.
472 1006 676 1063 llitschelium:
747 977 895 1106 “53³3
921 999 989 1082 (om.
1016 1001 1110 1081 sulm.)

806 1167 872 1208 ‘²²¹¹
973 1186 1040 1270 (om.
1068 1189 1162 1271 rum.)

748 1251 931 1295 CAESAR-llil·

306 1196 447 1254 Garrucci
459 1215 465 1251 ι

797 1335 878 1396 ιεῖιιι
987 1377 1006 1458 J(

747 1440 863 1483 caesar.
887 1441 936 1482 rur

265 1536 281 1588 2
307 1529 519 1587 Guardabassi:
745 1544 897 1588 caesarem
924 1536 953 1585 et
976 1543 1039 1584 reru
1082 1521 1093 1604 1
1136 1529 1246 1585 tulmen

867 1649 882 1688 L
902 1646 923 1686 D

746 1733 787 1774 Ga
811 1733 888 1774 ΑΗΚ

307 1820 515 1878 Rossi-Scotti:
746 1835 899 1877 caesaram
942 1815 961 1896 l(
1005 1822 1113 1877 lulmen

267 1924 414 1981 lliiiiike:
748 1937 863 1981 cassan
905 1917 925 2000 )(
970 1937 1059 1979 nec-u

308 2023 462 2082 lluebner:
751 2040 869 2083 cassan

748 2143 864 2186 caesar

814 2239 816 2244 ·
835 2231 856 2271 v

750 2315 781 2356 ιε
826 2317 857 2356 ¹v

266 2408 283 2460 5
308 2402 517 2474 Proceedings:
749 2417 891 2461 evaneo
913 2416 1001 2460 οι-ιι

307 1385 465 1455 lluggiero:
1050 1383 1157 1439 fulmen

265 1681 280 1732 3
312 1668 476 1752 (llarchius)
504 1675 582 1746 apud
597 1677 708 1732 llinic.:
971 1667 986 1750 l(
1030 1675 1139 1732 fulmen

307 2163 509 2235 apographum
524 2163 560 2219 ad
577 2162 690 2220 Ihnium

351 2281 487 2322 missum:

266 2539 432 2597 Secundum
443 2540 564 2612 glandes
579 2543 605 2596 t.
621 2546 651 2601 i.
666 2547 698 2610 3,
714 2558 787 2614 quas
803 2543 866 2613 ipse
879 2543 1050 2608 examinavi,
1069 2539 1141 2595 mihi
1156 2538 1311 2611 legendum
1326 2538 1442 2597 videtur
1451 2515 1527 2615 saliae

180 2643 284 2699 Caesar
301 2684 326 2698 ..
345 2648 394 2698 aut
409 2649 517 2700 mutato
533 2642 635 2700 ordine
652 2644 756 2701 Caesar
773 2686 799 2701 ..
816 2645 904 2719 salia.
935 2642 1109 2700 Dubitationi
1125 2643 1208 2700 loeus
1224 2659 1287 2699 esse
1303 2649 1398 2714 potest
1412 2646 1442 2700 in
1456 2645 1525 2701 solis

177 2745 280 2801 litteris
302 2751 368 2814 post
390 2759 508 2802 cassan
531 2749 643 2818 positis,
668 2763 745 2819 quae
767 2749 797 2802 in
818 2747 897 2804 nullo
913 2746 1046 2818 exemplo
1069 2745 1145 2802 bene
1161 2753 1347 2803 conservatae
1366 2755 1447 2818 sunt;
1473 2745 1525 2804 sed

179 2863 237 2904 non
252 2847 349 2916 video,
376 2849 447 2918 quid
463 2848 541 2905 aliud
557 2850 612 2905 nisi
633 2849 688 2908 hoc
702 2864 728 2916 m
742 2851 859 2921 agnosci
876 2855 976 2921 queat;
1004 2855 1083 2907 certe
1099 2863 1141 2905 uo
1163 2851 1288 2922 spatium
1302 2866 1362 2907 non
1377 2852 1456 2922 capit
1470 2867 1525 2907 nec

178 2949 210 3006 ln
230 2951 371 3023 reliquiae
386 2951 521 3007 videntur
542 2951 705 3010 admittere.
751 2953 914 3021 Caesarum,
942 2955 961 3008 i.
981 2969 1007 3008 e.
1028 2953 1092 3007 Divi
1115 2953 1206 3022 patris
1229 2958 1257 3008 et
1279 2953 1329 3008 filii
1344 2953 1527 3032 imperatoris

177 3054 269 3124 glans,
290 3056 440 3125 proposuit
456 3055 663 3112 Mommsenus.
678 3085 722 3095 —
737 3057 769 3111 ln
784 3054 856 3111 relx
871 3057 964 3112 littera
980 3069 1065 3113 anon
1078 3055 1200 3112 multum
1216 3056 1323 3111 eminet
1338 3069 1428 3126 supra
1444 3061 1527 3112 cete-

178 3173 236 3226 ras,
262 3157 313 3212 sed
330 3173 396 3212 cum
412 3157 554 3228 liuggiero
570 3173 677 3214 nexum
691 3158 852 3214 litterarum
876 3173 891 3212 ι
907 3165 936 3214 et
956 3173 964 3212 1
987 3158 1203 3226 agnoscendum
1219 3173 1283 3214 esse
1298 3157 1450 3229 probabile
1467 3163 1522 3213 est.

177 3335 221 3403 67
251 3338 290 3420 [in
319 3359 420 3401 museo
449 3345 636 3402 llircheriano
659 3361 689 3401 n.
710 3338 798 3420 llil.
846 3346 941 3418 Longa
965 3348 1074 3413 mola,
1106 3361 1203 3402 crassa
1228 3349 1318 3413 0,οῊ
1355 3352 1384 3400 et
1413 3348 1521 3416 (i‚tll5.

222 3447 323 3503 Antion
352 3461 420 3518 pars
447 3450 477 3504 in
507 3447 579 3504 duas
608 3465 690 3505 areas
714 3448 806 3504 divisa
830 3455 887 3518 est,
918 3449 974 3506 tort
998 3451 1109 3520 postica
1132 3464 1265 3520 quoque,
1296 3447 1349 3503 sed
1378 3464 1411 3503 ea
1435 3450 1526 3520 magis

224 3551 309 3606 etiam
325 3566 412 3621 quam
428 3551 477 3606 illa
492 3550 593 3607 detrita
609 3555 651 3606 est
669 3557 698 3608 et
716 3552 812 3608 sulcos
828 3550 901 3608 dnos
916 3549 1005 3608 habet
1026 3551 1181 3608 incidendo
1197 3551 1242 3606 vel
1266 3550 1413 3608 inlidendo
1429 3557 1522 3608 natos,

639 3707 772 3762 coasilio
879 3731 897 3814 Χ
939 3738 1049 3813 salman

592 3798 709 3848 inscriptio
727 3798 823 3839 evanida

177 3943 249 4000 Tab.
268 3943 364 3998 villi
389 3937 511 4018 (anticas
540 3959 609 4014 pars
631 3939 789 4018 superior),
837 3945 994 4016 Descripsi.
1020 3971 1061 3983 -
1085 3945 1227 4015 liuggiero
1252 3943 1313 3998 Cat.
1341 3959 1369 3998 n.
1391 3945 1450 4000 273
1476 3945 1526 4014 qui

178 4048 294 4116 egregie
317 4047 424 4102 erravit
446 4045 526 4116 quod
548 4059 662 4103 xV...v³
685 4047 753 4118 legit
775 4054 804 4103 et
826 4049 902 4104 inter
923 4053 1073 4119 suspectas
1095 4047 1245 4118 relegavit.

266 4139 346 4216 Quae
369 4154 434 4220 post
456 4160 531 4205 caes
552 4153 727 4220 sequuntur,
755 4151 881 4206 incertae
904 4151 1037 4206 lectionis
1059 4155 1126 4205 sunt
1152 4143 1227 4224 (lort.
1253 4150 1322 4203 nari
1344 4164 1381 4203 an
1404 4141 1523 4224 aad).

178 4251 253 4306 lnlra
276 4252 395 4320 vestigia
418 4249 599 4321 deprehendi
620 4251 681 4307 lere
704 4251 785 4306 talia:
824 4244 854 4330 (fr
877 4266 890 4306 ι
912 4265 931 4308 c
953 4243 1016 4329 ass]
1039 4251 1090 4306 sed
1114 4253 1231 4306 omnino
1254 4251 1375 4306 incerta.

176 4429 417 4514 68[=corp.1
441 4456 470 4494 n.
492 4433 564 4515 690]
604 4447 614 4495 i
644 4448 760 4497 trovato
780 4441 827 4496 ael
850 4441 995 4496 tea-ritorto
1018 4439 1173 4512 Pcruyiao,
1205 4440 1454 4494 communicationi
1476 4437 1527 4494 dal

263 4543 298 4615 fu
323 4542 523 4613 marinianae
556 4543 703 4612 Terrcaai,
733 4560 831 4617 presso
860 4543 883 4598 ti
913 4543 997 4615 quale
1025 4544 1146 4598 eeisicva
1171 4554 1265 4597 νειιιι.
1295 4545 1386 4597 isos.
1412 4568 1455 4578 -
1481 4540 1526 4595 eal

265 4646 419 4700 terminare
441 4645 487 4700 del
508 4645 601 4702 secolo
624 4663 718 4703 ecorso
740 4647 775 4720 fa
797 4649 948 4702 rinveauta
970 4645 1036 4700 acll'
1055 4660 1125 4715 apro
1145 4647 1283 4717 pampino
1307 4656 1400 4699 vernt.
1430 4643 1521 4699 isal.

265 4745 328 4814 Quo
351 4749 529 4817 pervenerit,
555 4750 678 4804 nescivit
700 4751 756 4804 iam
780 4759 917 4805 ururcrvs
939 4764 970 4819 p.
991 4750 1050 4804 tii
1075 4752 1136 4802 not.
1158 4752 1187 4802 2.

223 4854 238 4907 2
264 4849 400 4904 Perusiae
423 4865 486 4920 rep.
505 4842 558 4924 [ibi
581 4856 672 4907 exstat
693 4851 769 4922 apud
786 4851 943 4906 lilarianum
961 4843 1181 4923 Guardabassil.
1228 4849 1322 4918 Longa
1347 4855 1390 4904 est
1414 4850 1521 4917 mota,

265 4967 362 5008 crassa
387 4956 496 5018 o‚otr.

224 5059 240 5111 3
267 5055 402 5110 Perusiae
430 5069 494 5124 rep.
525 5047 577 5129 [ibi
607 5059 700 5110 exstat
728 5054 804 5126 apud
834 5055 905 5110 ilar.
940 5046 1160 5127 Guardabassi].
1211 5051 1308 5122 Longa
1338 5059 1383 5109 est
1414 5055 1521 5122 moti,

265 5173 363 5214 crassa
381 5161 449 5226 0,0l
461 5160 489 5214 6.
537 5157 578 5212 Ex
594 5156 695 5212 eadem
718 5158 808 5214 lorma
825 5155 932 5228 prodiit
946 5161 1034 5225 atque
1052 5159 1082 5222 t,
1108 5169 1162 5210 nec
1178 5155 1273 5210 minus
1296 5155 1362 5210 lort.
1381 5155 1521 5226 reliquae,

268 5275 341 5330 quas
363 5267 462 5315 tamen
485 5258 521 5314 ad
543 5258 601 5315 hoo
624 5274 681 5316 nou
703 5261 821 5316 contuli.
