3772 5992
377 572 448 646 100
880 583 1037 633 8888888
1056 583 1208 635 severas.

1618 705 1720 714 a*

371 775 500 828 videlicet
517 775 571 827 hoo
587 777 710 840 agentes,
730 778 762 826 ut
779 773 892 840 glandes
910 785 974 826 8888
992 775 1118 838 88778888
1136 785 1196 825 esse
1214 775 1340 840 empturo
1357 773 1570 839 persuaderent3
1598 777 1625 824 et
1643 775 1722 839 glan-

371 861 420 914 des
434 863 513 935 'ipsae
532 875 598 914 8888
619 863 683 912 sunt
700 863 836 927 antiquae.
848 885 886 898 -·
897 860 1018 925 Denique
1035 873 1060 911 8.
1080 863 1145 910 1877
1166 857 1238 910 idem
1251 859 1429 910 Venturinius
1447 873 1507 911 sese
1525 860 1639 924 glandes
1656 865 1719 913 ante

369 950 425 1000 1888
437 950 600 1013 quattuorve
618 960 705 1000 annos
723 946 869 998 ellossione
887 959 903 996 a
921 958 951 996 88
969 943 1041 997 78818
1059 947 1181 1011 88888188
1194 945 1311 996 Parisios
1330 945 1486 996 vendidisse
1506 947 1571 996 mihi
1585 949 1716 1002 88888877.

440 1037 479 1085 778
492 1047 555 1085 cum
568 1032 708 1085 erroribus
725 1031 861 1084 editorum
880 1035 938 1082 tum
951 1032 1146 1096 negotiantium
1165 1030 1308 1082 iraudibus
1327 1032 1453 1082 immanis
1471 1032 1639 1097 perturbatio
1657 1035 1721 1085 uni·

371 1133 482 1172 versum
496 1120 706 1185 inscriptionum
719 1130 804 1183 genus
816 1118 969 1183 occupavit.
996 1117 1138 1182 inscriptio
1151 1116 1282 1181 genuina,
1300 1120 1331 1168 ut
1348 1128 1439 1180 807718,
1459 1117 1550 1168 editur
1561 1118 1632 1170 male
1651 1119 1719 1171 tecla

372 1208 489 1268 diverse,
510 1205 592 1258 modo
611 1215 717 1278 noras,
739 1203 821 1255 modo
840 1213 942 1270 colas,
965 1203 1046 1254 modo
1065 1213 1169 1270 noram
1192 1201 1293 1254 lalsarii
1312 1203 1363 1254 hos
1381 1204 1519 1256 editorum
1538 1219 1643 1257 errores
1662 1209 1720 1260 sive

370 1293 478 1344 ficticiis
496 1292 554 1343 sive
571 1293 695 1356 genuinis
713 1290 856 1356 glandibus
873 1289 1005 1351 inierunt,
1026 1293 1057 1341 ut
1074 1291 1128 1342 iam
1141 1303 1236 1341 omues
1254 1289 1314 1341 illae
1328 1289 1459 1344 lectiones
1471 1291 1553 1342 781888
1566 1294 1593 1343 78
1605 1293 1719 1360 plumbo

370 1391 480 1444 quoque
498 1379 680 1444 reperiantur;
702 1377 752 1429 hae
765 1376 848 1428 lalsae
861 1377 973 1442 glandes
988 1391 1038 1442 pro
1051 1378 1175 1441 genuinis
1189 1374 1324 1428 habentur
1336 1381 1363 1428 81
1374 1376 1502 1440 eduntur,
1516 1378 1564 1429 sed
1577 1393 1593 1430 a
1604 1379 1720 1444 quibus-

370 1466 435 1517 dam
447 1463 599 1516 editoribus
612 1465 702 1516 denno
715 1477 856 1530 perperam
869 1464 1006 1528 leguntur,
1021 1466 1051 1514 ut
1069 1471 1189 1516 onaaoa
1206 1461 1406 1525 Deslardinins,
1432 1471 1573 1517 ouras-va
1590 1465 1720 1530 bargulus

369 1550 520 1601 eliecerunt
537 1563 571 1601 cx
599 1559 739 1612 ornnem
761 1551 964 1615 inscriptionem
978 1562 1012 1599 ea
1041 1558 1207 1603 L'A'CALVU
1230 1547 1320 1600 iictam
1333 1562 1348 1598 8
1361 1547 1468 1600 78188878
1481 1549 1552 1601 8888
1568 1561 1719 1607 cnivmtvu

370 1636 442 1687 male
454 1635 577 1699 legerunt
594 1646 745 1690 cmvultvs
763 1634 962 1700 Deejardinius,
982 1645 1099 1690 bonvm
1115 1645 1173 1688 avii
1192 1635 1336 1700 bargulus,
1356 1635 1476 1700 denique
1487 1636 1623 1688 eiusmodi
1637 1637 1718 1690 787888

370 1721 500 1774 laieorum
522 1720 654 1774 lectiones
677 1721 711 1773 ab
736 1721 833 1774 eodem
857 1720 964 1773 leiserio
989 1723 1016 1772 in
1040 1720 1185 1786 glandibus
1209 1719 1299 1772 denuo
1323 1722 1496 1774 excuduntur
1521 1713 1659 1794 (causon
1692 1729 1721 1777 et

368 1797 543 1882 cmvaluvs).
581 1806 704 1860 Proiecto
717 1809 745 1858 78
758 1807 834 1859 88778
846 1806 900 1859 allo
920 1807 1129 1873 inscriptionum
1147 1819 1246 1871 genere
1259 1811 1285 1857 87
1297 1806 1512 1859 describentium
1524 1808 1718 1876 edentiumquc

368 1894 448 1960 culpa
466 1897 494 1944 87
512 1892 683 1945 falsariorum
702 1892 796 1944 7888878
815 1906 939 1945 errorum
957 1905 1078 1958 propago
1096 1906 1227 1957 umquam
1246 1891 1327 1944 187788
1345 1894 1438 1959 patuit.

438 1982 512 2041 Quae
537 1991 601 2031 cum
620 1981 655 2031 ita
674 1981 743 2042 sint,
771 1980 883 2030 omnino
901 1978 1083 2030 diffidendum
1107 1980 1159 2030 erit
1182 1977 1311 2030 omnibus
1335 1979 1474 2043 glandium
1494 1981 1719 2048 inscriptionibus

368 2067 420 2117 nisi
438 2065 558 2133 prolatae
577 2070 657 2117 88881
673 2065 708 2118 88
728 2079 770 2128 88,
790 2078 873 2130 quem
885 2065 1017 2116 didicisse
1034 2067 1141 2116 constet
1158 2064 1193 2115 de
1210 2063 1253 2115 878
1271 2063 1355 2116 88888
1373 2069 1445 2117 88818
1464 2067 1596 2128 iudicare;
1618 2069 1718 2120 deinde

368 2153 421 2204 hoc
440 2151 589 2203 tenendum
607 2153 675 2216 erit,
702 2163 784 2203 unam
808 2163 946 2216 quamque
964 2149 1088 2201 eiusdem
1106 2151 1219 2215 originis
1236 2152 1349 2214 seriem,
1376 2153 1402 2202 in
1427 2165 1480 2217 qua
1504 2166 1558 2204 una
1583 2151 1650 2206 18788
1668 2155 1719 2206 de-

366 2239 503 2304 prehensa
520 2239 571 2301 sit,
589 2239 748 2290 universam
767 2241 822 2288 tam
841 2237 890 2288 diu
907 2239 1061 2302 suspectam
1078 2248 1139 2287 8888
1157 2235 1320 2300 habendam,
1341 2237 1430 2289 donec
1447 2237 1481 2288 ab
1500 2238 1611 2290 bomine
1631 2241 1717 2306 888718

368 2323 480 2388 glandes
499 2324 573 2390 ipsae
592 2323 760 2374 examinatae
778 2323 844 2384 sint;
864 2321 898 2374 87.
919 2336 989 2388 quae
1008 2321 1063 2372 dixi
1083 2323 1109 2372 78
1127 2335 1227 2376 comm.
1248 2324 1313 2373 min.
1335 2324 1412 2377 acad.
1435 2327 1500 2374 7878
1519 2338 1545 2390 p.
1562 2328 1605 2376 78.

436 2409 477 2460 887
502 2409 694 2474 inscriptiones
718 2408 943 2460 Vincenzinianas
971 2407 1187 2472 investigandas,
1216 2409 1407 2474 explicandas,
1436 2410 1635 2462 describendas
1662 2425 1716 2462 non

367 2509 503 2548 minorem
521 2507 615 2545 curam
627 2494 730 2545 8887817
748 2507 831 2559 quam
855 2496 879 2545 87
897 2495 1024 2559 antiquae
1042 2497 1143 2555 essent,
1164 2507 1227 2545 nam
1247 2496 1298 2545 hoc
1316 2499 1357 2547 est
1371 2508 1436 2547 vere
1458 2510 1570 2562 operam
1590 2497 1714 2563 perdere,

367 2597 451 2649 prava
470 2582 537 2634 hacc
556 2582 710 2632 commenta
730 2580 902 2645 neclegenter
919 2579 1101 2631 examinando
1113 2581 1147 2629 in
1160 2581 1238 2645 88788
1251 2580 1413 2646 8788888888;
1436 2596 1519 2646 aquo
1533 2596 1597 2633 cum
1609 2586 1717 2648 priores

367 2681 433 2720 8888
457 2681 512 2719 888
537 2669 602 2720 88118
625 2667 774 2726 cavissent,
801 2679 832 2717 88
856 2679 940 2732 quam
963 2679 1045 2731 supra
1069 2665 1221 2730 significavi
1245 2666 1405 2719 conlusicna
1430 2668 1483 2720 hoc
1508 2669 1718 2735 inscriptionum

366 2768 451 2820 genus
469 2752 710 2820 perturbaverant,
732 2765 786 2802 non
805 2753 863 2802 8788
883 2765 991 2804 summo
1010 2765 1097 2816 eoque
1116 2751 1241 2817 improbo
1260 2752 1353 2804 labore
1372 2753 1451 2806 nobis
1466 2755 1518 2806 iam
1537 2756 1717 2822 expedienda.

365 2843 399 2892 ht
417 2854 483 2892 vero
501 2839 639 2904 religionis
658 2843 737 2900 esset,
757 2837 783 2887 in
803 2837 983 2902 inprimendis
1000 2837 1043 2888 his
1052 2836 1070 2900 ¹)
1091 2839 1202 2902 quidem
1216 2836 1358 2890 imudibus
1377 2841 1413 2891 178
1431 2843 1551 2904 versari,
1571 2843 1718 2894 8717778878

367 2927 527 2978 maiusculis
552 2927 655 2989 integra
680 2922 776 2975 mutila
804 2935 867 2974 cum
892 2921 1019 2975 omnibus
1048 2925 1200 2991 scripturae
1225 2926 1346 2976 minutiis
1370 2929 1498 2979 accurate
1529 2933 1717 2993 repraesenta-

367 3016 470 3074 rentur,
490 3025 523 3064 ac
540 3010 663 3077 putidam
682 3009 801 3076 proiecto
820 3008 925 3060 87788888
943 3009 1112 3074 diligentiam
1132 3012 1156 3061 in
1177 3011 1219 3062 878
1238 3011 1319 3062 telam
1337 3009 1506 3076 collocatam,
1528 3015 1628 3080 quippe
1647 3028 1717 3079 quae

365 3099 400 3151 ah
418 3099 516 3150 harum
536 3098 744 3162 inscriptionum
758 3096 844 3160 888778
857 3094 1018 3147 8888888881
1031 3109 1082 3148 888
1100 3097 1138 3148 887
1157 3097 1207 3162 7887
1228 3097 1269 3148 887
1288 3097 1383 3148 7887887
1397 3098 1574 3154 conduceret.
1613 3100 1718 3166 Nempe

365 3186 417 3238 hac
435 3184 555 3236 editione
574 3183 602 3234 id
621 3183 725 3248 agitur,
750 3185 780 3230 ut
798 3195 846 3232 eae
866 3182 1065 3246 inscriptiones,
1090 3195 1159 3246 quae
1177 3183 1213 3233 ad
1236 3183 1288 3234 hoc
1307 3197 1392 3248 genus
1417 3183 1546 3236 falsarum
1566 3187 1712 3251 pertinent,

365 3271 527 3334 colligantur
549 3273 577 3322 87
599 3271 723 3336 priorum
746 3265 887 3318 erroribus
911 3269 1023 3318 remotis
1045 3271 1119 3319 recle
1144 3268 1230 3320 lectae
1249 3269 1439 3330 exhibeantur,
1460 3273 1628 3337 omninoque
1646 3272 1715 3323 hacc

364 3359 478 3408 materia
497 3357 533 3407 778
550 3359 732 3422 8888888788,
760 3355 790 3404 87
808 3367 839 3405 ea
856 3353 899 3404 887
917 3351 1027 3404 7888888
1051 3367 1217 3418 cognoscere
1241 3353 1276 3405 ab
1301 3357 1389 3420 iisque
1407 3369 1503 3407 cavere
1522 3359 1637 3422 8888787.
1679 3358 1716 3408 778

364 3444 457 3493 autem
475 3441 540 3502 888,
562 3455 614 3506 qua
627 3453 695 3491 usus
712 3450 773 3489 sum
787 3439 891 3490 ratione
910 3438 981 3502 (vide
999 3454 1070 3504 quae
1088 3454 1115 3505 p.
1132 3444 1179 3490 777
1199 3443 1263 3492 8878
1287 3453 1314 3493 n.
1327 3438 1377 3490 et*
1395 3441 1507 3504 881887),
1534 3443 1614 3507 81888
1633 3445 1716 3494 88778-

364 3527 465 3581 lactum
489 3539 548 3578 esse
567 3525 684 3576 conlido.
729 3523 766 3574 88
791 3523 936 3576 commodo
961 3539 1071 3591 quoque
1097 3525 1206 3577 lectoris
1229 3526 1368 3578 consuluit
1386 3527 1475 3578 indice
1495 3528 1633 3590 88878878,
1661 3543 1715 3593 quo

363 3616 456 3666 omnia
474 3612 598 3664 eiusdem
617 3610 803 3676 inscriptionis
821 3610 985 3676 exemplaria
1005 3613 1154 3677 composita
1174 3615 1245 3663 sunt.
1266 3639 1301 3649 —
1320 3613 1444 3664 Priorum
1462 3613 1612 3675 editorum,
1633 3628 1716 3680 prae-

364 3701 444 3766 cipue
464 3698 640 3762 Dasiardinii,
666 3698 694 3747 78
720 3694 842 3758 legendis
866 3697 1091 3762 inscriptionibus
1113 3711 1220 3749 errores
1239 3696 1294 3750 7888
1313 3711 1367 3750 888
1380 3699 1473 3761 817877,
1493 3702 1556 3766 quia
1571 3701 1623 3752 hoc
1635 3699 1715 3766 plane

363 3799 426 3838 are
446 3786 502 3849 7888
521 3785 549 3834 87
566 3784 704 3850 proposito
723 3783 818 3832 nostro
842 3781 962 3833 alienum
988 3787 1039 3836 est.
1080 3785 1108 3834 87
1126 3796 1208 3848 quem
1233 3787 1323 3836 tamen
1343 3784 1456 3846 iuvabit,
1481 3788 1575 3839 nostro
1600 3785 1715 3838 elencho

364 3883 427 3922 cum
449 3870 569 3922 editione
594 3869 668 3920 illius
693 3871 848 3933 comparato
869 3866 949 3920 788778
972 3869 1130 3934 intellegere
1147 3871 1261 3934 poterit,
1291 3883 1361 3935 quae
1378 3873 1438 3922 eius
1456 3873 1650 3938 inscriptiones
1667 3875 1715 3922 aut

363 3957 442 4008 877788
467 3954 596 4020 legendae
627 3955 682 4006 8787
705 3956 753 4004 887
770 3954 882 4006 omnino
908 3953 997 4006 nullae
1022 3956 1076 4006 sini
1095 3955 1181 4018 (nam,
1202 3969 1256 4020 qno
1280 3957 1314 4009 de
1339 3957 1392 4007 iam
1412 3960 1520 4018 monui,
1550 3957 1715 4009 8877887718

363 4041 463 4102 edidit,
492 4040 540 4092 uhi
564 4053 597 4090 ne
623 4041 744 4090 78888788
768 4039 880 4104 quidem
910 4041 1035 4094 lectionis
1060 4043 1175 4105 vestigia
1200 4043 1326 4106 exstant);
1359 4046 1498 4108 praetcrea
1522 4045 1665 4110 inspiciat,
1692 4044 1714 4094 si

363 4129 437 4192 velit,
459 4127 597 4193 specimen
615 4138 740 4176 ermrum
758 4125 937 4188 Desjardinil‚
957 4128 1031 4192 quod
1049 4126 1161 4178 exhibui
1181 4129 1208 4178 in
1227 4141 1327 4183 comm.
1344 4130 1444 4181 minor.
1458 4130 1533 4180 acad.
1550 4129 1635 4182 Berol.
1649 4131 1714 4179 7878

361 4229 388 4283 8.
402 4215 547 4268 778-777.
563 4239 599 4249 -
617 4211 814 4271 Frustulorum,
839 4225 909 4276 quae
928 4213 998 4264 mala
1023 4226 1123 4265 excusa
1147 4215 1173 4264 87
1192 4215 1312 4267 78888788
1336 4215 1461 4267 188778878
1479 4218 1552 4274 8881,
1579 4215 1713 4280 88888778

363 4315 407 4354 me
429 4301 554 4352 omisisse
574 4301 788 4350 consentancum
807 4299 856 4350 887.
876 4325 912 4335 -
929 4297 1039 4350 Τ888178
1058 4299 1188 4363 imagines
1206 4299 1386 4367 helintypicas
1407 4301 1442 4352 ad
1464 4297 1586 4366 8818887)
1612 4299 1714 4352 8188788

362 4386 563 4454 repraesentavi
582 4387 657 4436 78878
676 4397 800 4446 numero,
826 4387 945 4449 quantus
963 4383 1088 4436 88788888
1106 4384 1245 4436 videretur
1263 4386 1297 4438 ad
1316 4388 1474 4439 incusarum
1493 4389 1612 4453 speciem
1631 4401 1647 4438 a
1665 4400 1712 4450 ge-

362 4474 455 4525 nuinis
470 4472 617 4523 distantem
631 4471 802 4536 aliquatenus
819 4470 1051 4535 cognoscendam
1073 4471 1120 4522 sed
1139 4483 1235 4536 88888
1253 4475 1339 4538 patet,
1367 4475 1472 4524 certum
1491 4473 1524 4524 de
1542 4473 1586 4524 his
1610 4472 1715 4524 fraudi·

361 4559 414 4612 bus
432 4558 565 4609 iudicium
584 4557 689 4622 acquiri
708 4569 762 4607 non
787 4569 867 4622 88888
886 4556 1051 4620 imaginihus
1069 4555 1118 4608 888
1137 4555 1282 4620 glandibus
1301 4559 1395 4611 multis
1414 4563 1468 4610 tam
1487 4559 1612 4624 genuinis
1631 4571 1712 4625 quam

361 4645 469 4696 ficticiis
487 4644 648 4694 examinatis
666 4645 693 4694 et
711 4643 782 4692 78788
800 4655 829 4693 88
847 4642 1021 4708 comparatis.

432 4817 456 4878 7)
477 4817 506 4866 18
526 4813 670 4880 877888.
696 4827 740 4866 888
764 4813 854 4880 888118
878 4813 957 4864 877788
985 4815 1141 4877 comparata
1165 4817 1216 4865 887.
1253 4815 1322 4867 Nam
1347 4813 1402 4868 7888
1426 4829 1522 4868 omnes
1546 4815 1596 4867 diu
1619 4819 1709 4877 notae,

361 4903 524 4968 saepiusque
550 4901 585 4952 ab
609 4899 766 4952 hominihus
783 4899 871 4950 doctis
890 4899 979 4950 editae
1003 4897 1174 4950 adhibitaevc
1196 4904 1272 4962 sunt,
1299 4901 1399 4953 deinde
1418 4915 1482 4954 cum
1500 4915 1516 4951 a
1534 4903 1711 4953 Vincenzinio

361 4989 388 5038 in
406 4988 464 5038 suis
477 4987 620 5051 glandibus
638 4987 770 5052 repetitae
782 4987 845 5048 8787,
866 4997 920 5036 888
940 4985 1094 5050 parvisunt
1113 4989 1245 5036 momenti
1258 4987 1294 5037 ad
1312 4989 1372 5040 eius
1392 4987 1499 5040 78888788
1513 4988 1712 5052 coarguendas.

361 5074 421 5126 Huc
439 5073 561 5134 accedit,
588 5071 662 5137 quod
686 5085 791 5138 paucae
818 5074 881 5122 sunl
904 5084 970 5136 prae
989 5069 1097 5120 illarum
1121 5073 1200 5136 copia
1218 5073 1331 5137 ingenti.
1375 5073 1465 5134 Quare
1489 5075 1517 5124 78
1540 5075 1583 5126 878
1602 5073 1713 5139 quidem

360 5159 444 5211 alium
464 5158 565 5210 edendi
585 5157 696 5208 modum
716 5155 924 5222 praeferendum
943 5169 1004 5208 csse
1022 5156 1095 5208 duxi.

434 5249 457 5308 8)
480 5245 624 5295 Foramina
644 5243 775 5294 nonnulla
794 5245 907 5304 8878878,
928 5255 999 5307 quae
1018 5256 1059 5293 ex.
1075 5256 1114 5306 gr.
1135 5243 1190 5295 788.
1205 5244 1276 5306 77177,
1296 5247 1324 5294 17
1345 5247 1372 5296 78
1392 5245 1490 5297 17778878
1509 5257 1555 5299 888
1573 5249 1714 5312 88888887,

361 5336 423 5384 nala
443 5333 552 5385 888778
571 5331 676 5396 8818878
696 5327 860 5394 7888888788
880 5327 915 5379 ab
934 5329 1090 5395 archetypis
1108 5328 1215 5381 absunt.
