3706 5976
630 1471 811 1530 intell:
934 1482 1111 1524 rit-avr·

945 1585 985 1624 4·
1027 1583 1069 1624 xv

630 1725 811 1782 indetti:
905 1716 1045 1796 ο·44ζ·

143 1915 215 1973 Tab.
234 1915 304 1970 444.
353 1913 500 1983 Descripsi
524 1918 553 1967 ut
577 1927 676 1984 supra.
724 1913 756 1968 ln
778 1914 854 1966 areis
878 1916 906 1968 3.
937 1914 965 1968 4.
993 1914 1021 1967 4.
1053 1903 1111 1986 (84)
1138 1919 1244 1982 puncta
1271 1913 1414 1984 quaedam
1437 1931 1490 1971 ex-

144 2025 219 2074 stant
241 2019 304 2072 sine
328 2016 429 2072 ordine
452 2021 481 2070 et
503 2014 579 2070 haud
603 2013 692 2070 dubie
713 2029 768 2085 per
789 2013 948 2070 ludibrium
972 2015 1076 2085 posita.

230 2121 269 2177 ld.
288 2119 354 2192 ltus.
380 2123 438 2173 tam
467 2117 504 2174 dc
527 2109 648 2192 4440400)
680 2109 846 2192 4444400404)
873 2116 946 2174 444440
976 2133 1063 2188 quarn
1085 2108 1205 2192 44404004
1232 2118 1329 2192 Rufio,
1363 2119 1491 2176 Rulreno

147 2217 194 2300 (ci.
228 2222 315 2292 Corp.
347 2214 457 2297 Ilnd.)
485 2219 578 2277 aliove
602 2221 718 2277 nomine
746 2219 845 2291 gentili
874 2219 1009 2290 explicari
1036 2221 1152 2291 poterit.
1177 2250 1222 2260 —
1249 2221 1283 2276 ln
1307 2227 1323 2278 5
1349 2235 1371 2279 0
1395 2225 1492 2294 potius

143 2329 232 2383 luisse
250 2340 338 2395 quam
355 2323 515 2380 evidetur.
558 2323 700 2379 Falsarius
718 2323 880 2378 Asculanus
903 2322 1064 2380 secundum
1086 2323 1160 2379 hanc
1183 2330 1232 2380 aut
1254 2325 1376 2380 similem
1393 2325 1492 2382 incidit

143 2431 275 2496 sormam,
302 2443 359 2499 qua
381 2427 481 2498 plures
503 2426 615 2482 incudit
641 2419 717 2501 (vide
742 2421 798 2482 ot*
814 2441 868 2482 444.
886 2439 928 2484 ate
944 2417 1010 2499 044.

230 2533 384 2587 Henzenus
405 2529 757 2585 Bott.dett.1ast.tare
780 2545 809 2599 p.
828 2533 865 2586 68
882 2545 927 2600 sq.
950 2528 1086 2600 glandem
1109 2529 1283 2584 simillimam
1306 2530 1394 2585 edidit
1416 2546 1492 2601 quae

145 2637 197 2692 luit
224 2633 301 2705 apud
332 2631 473 2690 baronem
503 2631 540 2688 de
562 2631 653 2687 Riseis
675 2631 813 2703 Neapoli:
861 2625 887 2706 04
916 2645 950 2687 u·
972 2627 978 2704 4
998 2645 1072 2701 uva,
1114 2627 1143 2706 444
1165 2644 1216 2686 uva
1236 2622 1241 2710 4
1261 2646 1316 2700 xv,
1357 2624 1382 2708 c)
1408 2661 1488 2700 vacua,

144 2731 173 2814 d)
195 2731 247 2812 440
271 2735 308 2791 044
332 2751 455 2806 eamque
478 2735 630 2806 legendam
659 2735 917 2806 explicandumque
939 2735 1051 2790 confert
1073 2735 1305 2806 Desjardiniauas
1329 2751 1358 2790 n.
1379 2727 1493 2792 wate

144 2847 172 2896 et
200 2831 345 2912 (0444044
372 2854 410 2895 ca.
438 2853 465 2895 44
487 2839 525 2894 04.
584 2837 642 2894 Sed
671 2844 703 2894 ut
725 2837 958 2908 Desjardinianes
987 2853 1089 2894 omnes
1117 2839 1189 2894 mala
1220 2839 1323 2895 fraude
1355 2839 1494 2895 confictas

144 2959 209 2998 esse
232 2947 359 3012 constat,
392 2944 430 2997 ita
453 2942 593 2998 Riseanae
616 2957 734 3013 quoque
756 2945 847 2996 status
869 2942 1001 3011 quaestio
1024 2957 1084 2998 non
1109 2943 1171 2997 sine
1194 2957 1280 2998 causa
1304 2944 1415 2999 moveri
1437 2958 1494 3012 po-

144 3047 219 3101 terit.
267 3045 306 3100 Ea
334 3044 415 3116 glans
443 3061 537 3116 nuper
565 3060 631 3102 cum
661 3059 763 3100 museo
791 3041 909 3100 baronis
936 3044 1061 3099 llleester
1091 3045 1128 3100 de
1156 3039 1315 3101 Ravestein'
1338 3045 1493 3102 donatione

145 3149 267 3204 venitin
283 3163 417 3203 museum
432 3147 617 3202 Bruxellense
640 3163 671 3218 q.
689 3163 717 3201 v.
737 3147 820 3202 Porto
843 3147 878 3201 de
892 3145 949 3202 Hal
976 3138 1033 3221 (ed.
1053 3147 1176 3202 Meester
1191 3147 1228 3202 de
1244 3148 1314 3203 llav.
1334 3147 1422 3203 Catal.
1440 3147 1489 3214 lll,

147 3256 239 3318 4884,
266 3266 295 3320 p.
317 3244 402 3322 394);
428 3255 564 3320 ectypum
587 3250 716 3304 nancisci
738 3264 797 3305 non
819 3249 915 3321 potui,
946 3248 1052 3304 trustra
1075 3248 1274 3305 intercedente
1297 3250 1360 3321 ipso
1382 3248 1493 3306 barone

144 3352 181 3410 dc
203 3353 369 3408 Ravestein.
394 3351 625 3408 -Notandum
647 3355 743 3407 autem
767 3357 811 3407 est
834 3352 973 3406 munitam
996 3365 1061 3406 esse
1084 3351 1114 3406 dt
1133 3359 1221 3424 ponte
1243 3353 1274 3408 di
1295 3353 1390 3426 serem
1419 3353 1494 3408 tales

144 3455 263 3527 glandes
293 3452 460 3526 possidebat
487 3455 529 3509 De
558 3454 669 3510 blinicis
698 3459 772 3510 teste
801 3456 863 3525 ipso
894 3470 924 3524 p.
952 3457 1031 3520 466,
1065 3451 1185 3509 donatas
1213 3449 1268 3508 sibi
1298 3470 1314 3508 0
1345 3451 1493 3510 Ludovico

144 3559 210 3614 Zelli
232 3556 386 3614 lacobuzzi
409 3555 595 3624 viterbiensi,
631 3555 798 3626 dequibus
828 3556 936 3612 dictum
967 3570 1031 3610 esse
1061 3554 1142 3610 addit
1165 3553 1331 3626 Oniolopto‚
1362 3556 1495 3626 plorante

144 3661 174 3716 di
196 3661 316 3732 Pompio
338 3677 377 3716 m.
395 3659 478 3716 Febr.
503 3661 582 3716 4834
606 3677 637 3731 p.
660 3663 730 3726 463,
758 3675 787 3730 q.
807 3675 836 3714 n.
858 3675 887 3714 v.
942 3656 978 3713 At
1000 3657 1037 3714 de
1059 3658 1162 3713 harum
1185 3673 1304 3729 quoque
1327 3658 1492 3714 sinceritate

145 3779 202 3820 non
218 3769 340 3819 constat.

144 3976 187 4044 23
203 3979 256 4061 [=
271 3985 358 4056 Corp.
374 3985 414 4040 IX
429 4000 459 4039 n.
476 3989 568 4049 6686,
584 3976 668 4057 444444
709 3987 719 4038 4
747 3997 812 4051 rep.
830 3984 860 4037 in
875 3981 1035 4039 Castellano
1062 3975 1101 4056 [in
1121 3997 1223 4039 museo
1235 3980 1333 4038 Ascul.
1353 3973 1491 4056 4868469

230 4105 260 4144 n.
283 4081 369 4162 6964.
396 4087 505 4142 Pendet
529 4090 566 4144 86
591 4101 635 4156 gr.
684 4082 854 4156 Robiginem
876 4084 965 4141 habet
987 4085 1179 4155 ferrugineam
1202 4084 1331 4140 nitidam.

189 4196 204 4247 4
230 4191 307 4246 haud
331 4187 420 4246 dubie
435 4205 527 4261 prope
542 4188 680 4244 Asculum
695 4203 759 4258 rep.
783 4181 823 4263 [in
838 4203 913 4243 mus.
932 4186 1032 4244 Aseni.
1050 4203 1077 4242 0.
1101 4191 1180 4244 4844
1198 4203 1227 4242 n.
1251 4180 1357 4260 44364.
1383 4185 1492 4240 Pendet

233 4298 269 4350 83
295 4309 339 4364 gr.

188 4401 204 4453 3
228 4412 321 4468 prope
351 4393 490 4451 Asculum
518 4409 581 4464 rep.
614 4393 730 4449 videtur
761 4387 868 4468 [Asculi
898 4393 976 4465 apud
1013 4393 1212 4449 Venturinium
1246 4390 1394 4447 aurificem
1432 4389 1491 4444 vidi

230 4516 256 4554 a.
287 4491 394 4573 48444.

189 4604 204 4656 4
233 4595 273 4675 [in
288 4616 389 4656 museo
405 4599 594 4670 Neapolitano
610 4613 639 4654 n.
655 4602 735 4656 4440
752 4600 827 4656 44404
842 4598 1065 4669 Santangelanas
1081 4613 1110 4652 n.
1123 4590 1165 4671 2].
1200 4595 1307 4651 Pendet
1325 4600 1374 4662 89,
1388 4599 1426 4650 46
1444 4612 1488 4666 gr.

230 4703 370 4774 Robigine
393 4701 467 4758 llava
489 4703 646 4758 incrustata
670 4707 724 4756 est.

187 4812 203 4864 5
232 4799 273 4881 [in
295 4821 395 4862 museo
418 4805 607 4863 llircheriano
629 4819 660 4859 n.
689 4797 775 4879 2444.

188 4915 217 4966 6.
238 4913 255 4966 4
283 4902 401 4983 [Romae
423 4908 501 4980 apud
524 4909 555 4963 L.
574 4900 743 4982 44000Ιο4444.
783 4909 825 4962 Lo
845 4907 943 4980 formo
964 4904 1141 4962 rombot'dote
1165 4905 1328 4960 acuminato
1350 4910 1394 4960 est
1415 4911 1490 4960 testo

229 5023 419 5068 nouususO.

272 5133 332 5188 4400
356 5147 457 5190 omnes
479 5131 571 5189 lerina
594 5135 661 5186 sunt
682 5129 852 5200 hexagonali
875 5136 906 5184 ut
929 5147 959 5186 n.
986 5135 1037 5188 44.
