3706 5976
329 559 352 630 4
400 537 404 548 ’
832 571 1168 624 88888888188888.

327 759 412 842 2[=
425 768 510 840 Corp.
525 769 596 826 lln.
615 762 708 845 806³]
737 774 796 826 7-
755 769 954 840 -tiglandes
968 785 1019 824 sex
1042 762 1150 843 [Celallr
1165 767 1242 840 apud
1257 767 1440 826 baronissam
1455 763 1670 841 llandraliscal.

547 945 888 1151 Qs·
974 889 1441 1136 litai

327 1180 474 1250 Descripsi
496 1184 621 1239 anticam
637 1181 759 1238 duarum
775 1187 804 1237 ct
826 1183 966 1252 posticam
980 1180 1067 1236 unius
1082 1179 1119 1236 ad
1143 1187 1245 1254 ectypa
1261 1179 1298 1237 ab
1314 1179 1409 1236 Salina
1430 1181 1519 1236 missa
1534 1187 1563 1237 ct
1585 1195 1673 1252 supra

327 1299 404 1355 quac
419 1285 537 1355 agnosci
551 1291 718 1356 potuerunt,
745 1284 886 1341 delineata
903 1283 1020 1340 exhibui
1041 1277 1080 1358 (in
1095 1284 1188 1340 antica
1204 1283 1321 1340 alterius
1338 1282 1511 1355 exemplaris
1530 1297 1550 1338 8
1574 1299 1674 1340 manca

327 1381 395 1462 cst).
443 1387 651 1454 Mommsenus,
679 1390 730 1460 qui
751 1387 832 1454 vidit,
859 1386 949 1443 edidit
970 1386 1056 1458 Corp.
1076 1385 1104 1440 X
1126 1401 1154 1442 n.
1178 1391 1258 1444 8063
1276 1401 1301 1443 8.

412 1481 559 1566 liapfiros)
580 1482 771 1568 imp(erotcr).
796 1520 840 1530 -
859 1475 963 1546 ‘Fusae
986 1497 1053 1546 sunt
1075 1490 1194 1562 glandes
1217 1490 1272 1546 hae
1293 1491 1356 1546 sine
1379 1489 1468 1546 dubio
1491 1486 1562 1545 belli
1584 1506 1672 1546 causa

327 1591 405 1664 quod
422 1595 511 1663 gessit
526 1595 556 1648 in
571 1591 666 1649 Sicilia
681 1593 747 1649 Sex.
762 1594 916 1665 Pompeius
930 1595 1050 1664 llagnus
1064 1578 1245 1665 imperator.'
1285 1593 1480 1650 llomrnsenus
1495 1592 1515 1647 l.
1531 1608 1572 1660 c.,
1600 1607 1673 1650 con·

326 1695 424 1751 ferens
437 1696 560 1752 similem
577 1695 673 1752 imtris
688 1697 782 1753 lusam
797 1713 851 1769 per
862 1696 972 1754 bellum
984 1697 1179 1769 Hispanicum,
1196 1711 1282 1768 quam
1299 1696 1470 1753 exhibemus
1485 1695 1557 1751 inira
1573 1710 1603 1751 n.
1619 1697 1669 1752 79.

413 1951 574 2022 sequentes
591 1953 752 2011 Sicularum
774 1955 920 2025 glandium
943 1955 1161 2022 inscriptiones,
1188 1954 1305 2010 mutilae
1329 1952 1374 2008 vel
1397 1955 1492 2009 minus
1517 1959 1594 2010 recte
1618 1955 1672 2010 de-

323 2058 459 2126 scriptae,
485 2072 555 2113 num
577 2058 693 2114 Latinae
720 2060 788 2126 sint,
816 2057 943 2115 discerni
965 2058 1077 2128 nequit:

326 2207 353 2254 a
374 2201 488 2266 reperta
516 2211 568 2251 coo
598 2195 672 2252 altre
702 2194 821 2252 moliddi
849 2213 863 2251 e
890 2197 1116 2252 numerosissime
1145 2195 1255 2268 cuspidi
1281 2195 1312 2252 di
1334 2195 1437 2270 freceis
1464 2194 1495 2250 di
1524 2203 1671 2251 romairo

418 2298 541 2370 Neapoli
563 2313 577 2354 e
603 2299 684 2354 liceo
709 2294 750 2372 [in
772 2313 873 2354 musco
896 2291 1087 2370 Syracusano]
1115 2310 1147 2351 nr
1170 2310 1300 2353 rosere.

1129 2423 1337 2477 7²⁸·

1266 2458 1414 2535 Wssx

323 2895 365 2950 Er
395 2895 589 2952 delineatione
611 2895 769 2952 Salvatoris
797 2895 879 2953 Politi
908 2897 1119 2954 communicata
1149 2907 1217 2948 curn
1238 2892 1416 2948 llommseno
1445 2889 1482 2946 ab
1510 2893 1545 2946 Di
1567 2891 1669 2962 Torgia

325 3001 363 3054 si
389 2996 453 3055 087.
477 3001 556 3056 7877
562 3039 569 3054 .

325 3133 349 3196 b
373 3154 408 3194 ex
432 3135 536 3194 eodem
558 3136 623 3194 loco
646 3135 730 3190 allata
757 3139 767 3190 7
796 3134 869 3192 Nov.
893 3138 972 3192 7877
1000 3129 1040 3210 [in
1062 3147 1165 3189 museo
1188 3124 1383 3207 Symcusano]
1411 3145 1442 3186 nr
1464 3145 1597 3190 sonore.

321 3669 361 3723 Ex
375 3668 578 3728 delineatione.
624 3673 705 3731 Politi
721 3675 932 3730 communicata
948 3689 1015 3730 cum
1030 3675 1208 3731 Mommseno
1224 3673 1260 3730 ab
1276 3675 1311 3730 Di
1327 3673 1429 3744 Torgia
1447 3677 1462 3729 3
1480 3672 1552 3729 Nov.
1572 3674 1664 3728 7877.

320 3816 342 3864 0
370 3809 416 3862 887
441 3807 518 3863 oltra
539 3809 693 3885 (potanda)
715 3809 807 3882 plicae
828 3809 841 3878 (
844 3809 874 3866 87
895 3812 949 3883 sip.
969 3805 1097 3887 Petraeo)
1120 3809 1155 3886 sd
1178 3819 1319 3880 enecata,
1347 3812 1395 3867 eie
1417 3811 1456 3866 78
1477 3809 1598 3865 rilevnio
1621 3811 1667 3863 87-

371 3913 433 3967 8788
456 3927 515 3966 uno
533 3919 627 3984 punto
649 3913 672 3968 77
693 3927 809 3968 numero
832 3914 959 3970 Romano
981 3916 1013 3968 11
1033 3927 1140 3971 atsssr.

318 4183 409 4238 rllessi
442 4183 542 4240 lettera
572 4187 651 4243 7876
681 4201 711 4258 p.
739 4190 776 4243 33
815 4179 892 4261 (inde
918 4187 1078 4245 llommsen
1109 4187 1232 4259 Corpl
1261 4186 1298 4244 ad
1326 4202 1356 4242 n.
1383 4189 1441 4243 673
1472 4194 1501 4242 87
1529 4185 1615 4256 Corp.
1637 4185 1665 4239 X

317 4303 346 4342 rr.
367 4291 447 4344 8063
460 4301 473 4344 a
486 4305 513 4356 c,
541 4287 591 4344 ubi
607 4291 637 4344 in
653 4293 735 4360 parte
751 4292 901 4362 superiore
922 4305 999 4360 quac
1014 4291 1170 4358 adnotavit,
1197 4289 1234 4345 ad
1249 4289 1362 4360 glandis
1379 4305 1408 4344 n.
1431 4293 1510 4346 8068
1525 4301 1538 4344 a
1552 4287 1568 4343 8
1590 4287 1665 4342 alte·

317 4405 382 4445 rum
399 4390 548 4462 exemplar
562 4394 708 4462 pertinent
730 4408 782 4462 pro
798 4394 892 4465 iisque
908 4392 1111 4450 substituenda
1134 4400 1201 4448 sunt
1217 4407 1261 4463 ea,
1288 4408 1364 4463 quac
1379 4407 1434 4462 ego
1449 4406 1538 4462 supra
1553 4381 1663 4465 posui).

403 4527 507 4584 Alessii
528 4527 619 4586 verba
641 4531 680 4585 ita
703 4529 909 4601 interpretatus
933 4537 975 4588 est
997 4531 1203 4598 Mommsenus,
1231 4535 1260 4584 ut
1284 4530 1313 4584 in
1335 4529 1425 4584 altem
1448 4526 1560 4598 glandis
1583 4531 1666 4596 parte

317 4631 485 4702 cuspidem,
519 4635 548 4687 in
571 4632 660 4688 altera
682 4633 708 4686 ll
731 4633 872 4688 exstitisse
895 4639 1048 4701 statueret,
1080 4631 1190 4688 addens
1204 4631 1298 4702 ‘Corp
1316 4631 1344 4686 X
1366 4631 1387 4686 l.
1406 4645 1447 4687 c.:
1491 4617 1525 4686 ‘si
1548 4631 1666 4685 luerunt

315 4716 445 4803 litterae,
478 4734 594 4791 videtur
620 4735 776 4805 significari
805 4737 839 4790 L.
862 4722 970 4812 Pfisrp'.
1018 4736 1092 4792 Fieri
1123 4741 1219 4790 tamen
1246 4740 1359 4806 potest,
1392 4740 1424 4790 ut
1452 4731 1580 4790 Alessius
1609 4732 1664 4788 hoc

314 4837 411 4906 potius
434 4837 658 4908 significaverit,
693 4854 785 4910 prope
812 4832 913 4914 (cicino
936 4855 995 4894 ooo
1017 4853 1070 4909 pro
1092 4839 1184 4894 vicino
1208 4838 1246 4893 ad
1268 4829 1337 4913 888)
1365 4851 1455 4892 unum
1483 4852 1518 4892 ex
1549 4834 1665 4892 duobus

316 4937 429 5009 glandis
453 4941 544 5010 ipsius
560 4940 669 4997 aculeis
692 4941 782 4997 luisse
803 4940 894 4995 lineas
916 4939 988 4996 duas
1011 4942 1047 4995 ΙΙ.

405 5197 520 5255 67877788
542 5213 601 5255 non
623 5203 703 5255 recte
726 5197 833 5254 tributa
857 5205 902 5254 cst
924 5215 941 5253 a
964 5200 1057 5269 primo
1080 5200 1143 5254 eius
1166 5197 1278 5254 editore
1301 5213 1331 5253 n.
1352 5201 1403 5254 57.
