3772 5992
704 557 862 609 ennnnas
882 558 1035 612 ssvnrnn.
1492 547 1539 621 89

189 749 243 800 Eas
256 749 296 800 sie
314 748 534 814 interpretandas
553 761 622 810 esse,
643 761 676 800 ex
689 749 746 813 ipsa
762 749 832 799 serie
844 749 995 813 compositu
1013 748 1093 800 444114
1111 752 1193 814 patet.
1231 749 1264 799 At
1282 751 1347 814 tegio
1362 751 1450 802 XVMl
1462 754 1540 816 444444

191 835 266 886 44114
284 848 413 898 umquam
434 833 493 894 luit,
514 835 649 886 exstitisse
667 837 759 884 autem
778 837 843 884 tnnc
861 835 983 900 quidem,
1004 848 1068 885 euna
1086 835 1137 885 bae
1149 835 1260 898 glandes
1278 841 1473 900 provenerunt,
1493 853 1541 904 per

188 934 311 972 errorem
335 919 484 985 putabatur
510 921 546 972 ob
571 920 664 971 titulos
690 920 824 984 quosdam
848 921 920 971 male
944 920 1028 972 lectos
1055 921 1126 984 (vide
1149 921 1184 972 ad
1203 935 1230 972 4.
1245 919 1315 984 444).
1351 922 1453 974 1141444
1476 937 1539 975 cum

191 1007 266 1058 nulla
291 1010 380 1058 certae
399 1007 495 1057 aetatis
519 1007 637 1070 genuina
656 1006 732 1070 glans
750 1007 880 1071 iuscripta
900 1011 999 1066 exstet,
1026 1021 1097 1072 4444
1114 1008 1251 1071 posterior
1269 1009 1304 1058 sit
1321 1007 1393 1058 bello
1414 1009 1543 1060 Perusino

194 1094 226 1154 (a.
243 1091 344 1158 744444,
364 1093 409 1143 1444
427 1095 579 1144 occurrunt
596 1092 666 1156 legio
683 1092 761 1143 XXX
775 1091 851 1158 leia
870 1093 969 1142 victrix
988 1093 1023 1153 44.
1040 1091 1098 1155 44*)
1117 1093 1261 1143 aTraiano
1280 1098 1306 1143 et
1324 1094 1393 1158 legio
1407 1096 1428 1144 ll
1447 1095 1538 1146 italica

195 1177 232 1238 (u.
248 1176 288 1227 4*.
309 1177 350 1240 444
368 1177 560 1229 4144444114
579 1178 717 1228 institutae
736 1181 762 1228 44
786 1178 929 1240 agnomina
943 1170 1000 1242 ‘pia
1018 1173 1087 1228 ielin’
1110 1179 1145 1240 (n.
1168 1177 1209 1242 t')
1231 1193 1284 1230 non
1309 1179 1400 1230 minus
1423 1183 1540 1232 aetatem

185 1263 267 1327 longe
290 1265 469 1327 posteriorem
493 1262 645 1329 prodentia.
683 1263 814 1326 Legiones
831 1264 864 1312 Vl
883 1261 980 1312 ierrata
1005 1265 1032 1312 et
1051 1263 1100 1312 Xll
1119 1261 1166 1314 lul.
1186 1265 1252 1314 satis
1276 1265 1403 1328 antiquae
1428 1266 1538 1330 quidem

187 1354 261 1412 sunt,
283 1349 328 1400 illa
347 1351 402 1400 sive
421 1348 456 1400 ab
474 1349 591 1401 Antonio
609 1351 666 1401 sive
685 1349 720 1401 ab
738 1350 859 1414 Augusto
878 1350 1003 1400 instituta
1016 1350 1052 1412 (v.
1068 1350 1276 1413 Mommsenum,
1298 1365 1342 1402 res
1359 1365 1385 1414 g.
1400 1352 1456 1402 divi
1469 1353 1536 1416 sug.

187 1435 233 1486 ed.
249 1439 264 1486 4
282 1449 309 1500 4.
323 1440 353 1486 74
373 1437 455 1500 4444,
476 1435 544 1486 baec
567 1437 717 1502 posteriore
737 1438 848 1500 Augusti
866 1439 953 1488 aetate
978 1437 1014 1486 ita
1038 1437 1227 1499 cognominata
1242 1437 1275 1500 (v.
1297 1436 1454 1488 llenzeuum
1469 1439 1537 1490 14414.

187 1521 246 1572 4414
261 1523 322 1572 lost.
338 1525 404 1573 4447
422 1535 450 1586 p.
464 1524 512 1570 474
526 1525 608 1588 444),
630 1522 678 1574 444
697 1523 840 1587 agnomine
860 1527 915 1574 tam
936 1523 1019 1572 multa
1032 1524 1058 1572 in
1073 1522 1169 1586 paucis
1187 1522 1410 1588 inscriptionibus
1428 1523 1539 1574 omnino

187 1609 269 1660 valde
288 1611 415 1674 suspecta
434 1613 505 1672 sunt,
528 1623 591 1660 cum
610 1621 690 1660 usum
710 1623 804 1660 eorum
823 1609 983 1661 sollemnem
1002 1610 1030 1659 in
1049 1609 1134 1660 titulis
1152 1609 1302 1674 posteriore
1320 1608 1431 1660 demum
1451 1612 1538 1660 aetate

187 1694 335 1745 invaluisse
349 1699 464 1746 constet.
483 1721 518 1732 -
535 1697 596 1748 Non
609 1697 700 1747 minus
713 1695 881 1748 difficultatis
900 1695 991 1756 babet,
1011 1695 1085 1760 quod
1098 1709 1145 1748 ees
1164 1696 1285 1758 legiones
1299 1696 1327 1746 in
1342 1697 1440 1746 Piceno
1454 1695 1537 1747 luisse

187 1779 303 1844 glandes
317 1784 461 1843 testantur,
476 1783 577 1848 quippe
590 1795 660 1847 quae
673 1785 786 1846 excepte
805 1796 833 1833 n.
848 1780 890 1842 44,
911 1783 946 1832 44
964 1783 1043 1833 ouius
1055 1783 1131 1846 origo
1149 1785 1263 1842 tacetur,
1284 1795 1380 1833 omnes
1398 1783 1426 1832 iu
1440 1774 1538 1833 P'iceno

187 1868 247 1917 sive
269 1868 303 1928 44.
317 1867 365 1917 44*
382 1872 409 1918 44
428 1867 485 1932 4414)
514 1871 541 1919 44
566 1870 676 1933 reginae
694 1870 826 1934 liprutina
850 1873 974 1934 repertae
998 1881 1057 1920 esse
1081 1869 1216 1920 dicantur.
1252 1868 1283 1919 14
1306 1869 1380 1918 enim
1404 1868 1439 1918 de
1462 1868 1537 1919 nulla

187 1967 282 2003 earum
300 1952 439 2018 legionum
457 1958 627 2019 compertum
646 1954 789 2016 babemus,
809 1954 930 2018 legiones
948 1955 970 2004 ll
990 1955 1082 2005 ltalica
1101 1954 1222 2005 clxxx
1240 1955 1271 2004 44.
1285 1968 1311 2004 v.
1326 1967 1381 2004 non
1399 1968 1480 2019 posse
1499 1954 1536 2004 ibi

187 2040 331 2090 4444144444
351 2038 478 2091 1441444444
496 2043 543 2091 444
561 2040 631 2091 4444
650 2040 751 2090 14411444
770 2041 887 2103 gessisse
905 2043 979 2090 certo
999 2041 1109 2092 scimus.
1149 2041 1170 2089 Α
1188 2039 1253 2090 144114
1272 2040 1381 2090 44444114
1403 2042 1535 2106 tempore,

189 2125 265 2188 quod
283 2123 333 2174 bas
357 2125 469 2188 glandes
493 2125 580 2177 torma
603 2125 709 2191 plumbi
735 2129 762 2176 et
779 2125 874 2176 litteris
899 2126 1029 2176 simulare
1053 2129 1141 2189 patet,
1166 2125 1245 2191 plane
1270 2124 1418 2176 abhorrere
1444 2126 1536 2176 omnia

188 2209 257 2260 baec
275 2210 413 2274 legionum
433 2213 545 2262 nomina
563 2210 738 2263 manifestum
757 2214 806 2262 ast.
826 2239 861 2248 —
880 2211 992 2262 Restant
1016 2213 1207 2276 inscriptiones
1226 2211 1290 2262 haa:
1324 2213 1413 2274 144444)
1430 2212 1503 2272 coln(
1523 2237 1537 2247 -

188 2299 327 2358 terionem)
352 2311 378 2347 n.
400 2295 442 2359 7⁸⁵,
469 2299 557 2362 1444144
581 2299 615 2349 Vl
636 2299 867 2360 nolluntcriorann)
893 2311 919 2348 n.
942 2295 984 2360 4*,
1009 2299 1140 2359 4414444444
1164 2311 1192 2346 n.
1213 2297 1271 2358 44*,
1301 2297 1418 2358 licinia)
1443 2310 1470 2346 4.
1493 2297 1533 2355 44,

192 2383 263 2432 Mar.
283 2383 331 2434 444.
349 2383 392 2445 444
411 2385 524 2435 Martem
543 2385 664 2434 Vltorem
683 2382 835 2446 relerendal
855 2398 883 2434 n.
899 2381 956 2446 444,
976 2387 1045 2434 enni
1066 2385 1263 2446 (plastencia.
1283 2383 1341 2446 wi,
1365 2385 1535 2446 impietatati

191 2483 218 2521 n.
236 2469 295 2532 444,
314 2467 447 2536 44444444]
465 2469 588 2521 Etruscis
606 2469 701 2521 litteris
713 2471 814 2536 scripta
827 2484 854 2520 4.
870 2469 929 2520 444.
964 2470 1065 2520 Earum
1078 2483 1187 2534 quoqne
1199 2470 1272 2519 nulle
1291 2471 1319 2519 in
1332 2471 1366 2520 iis
1378 2469 1533 2534 glandibus,

187 2555 222 2606 de
240 2569 356 2620 quarum
375 2557 531 2606 sinceritate
549 2558 669 2618 constat,
690 2560 796 2621 reperta
815 2560 873 2616 est,
894 2559 1033 2622 praeterea
1051 2570 1078 2606 n.
1094 2553 1127 2605 l*
1146 2559 1173 2605 et
1190 2569 1216 2604 n.
1233 2551 1266 2604 8*
1283 2557 1383 2605 unicae
1401 2555 1533 2618 legionem

187 2643 402 2692 voluntariorum
426 2641 498 2707 apud
516 2642 647 2692 Asculum
672 2644 815 2702 testantur,
841 2656 868 2692 n.
891 2643 939 2691 44*
962 2644 1044 2693 unios
1068 2643 1139 2692 inter
1164 2643 1273 2692 Latinas
1296 2641 1378 2691 deum
1404 2645 1536 2692 memorat

187 2729 266 2791 44444
292 2727 474 2778 Mommsenus
500 2728 604 2792 Corp.l
629 2727 664 2778 ad
689 2731 781 2780 4444
800 2730 895 2778 44444
919 2728 1047 2788 monuit),
1072 2727 1193 2792 reliquae
1215 2727 1407 2792 inscriptiones
1429 2728 1536 2778 etiamsi

186 2827 237 2878 per
255 2828 284 2864 se
301 2814 466 2879 suspicionis
485 2813 616 2865 indicium
636 2827 688 2864 non
707 2813 865 2878 praebeant,
889 2814 991 2865 fraudis
1010 2815 1073 2866 inde
1092 2815 1300 2876 convincuntur,
1320 2813 1405 2878 quod,
1425 2815 1456 2863 ut
1468 2811 1534 2872 dixi,

187 2904 299 2951 externa
324 2901 415 2964 indole
440 2900 554 2951 eandem
578 2903 659 2964 atque
683 2901 789 2951 ceterae
814 2899 952 2951 officinam
976 2901 1103 2966 produnt.
1142 2903 1171 2950 14
1191 2914 1217 2950 4.
1234 2899 1274 2950 tt.
1297 2897 1354 2950 4414.
1375 2897 1425 2949 44*
1443 2903 1534 2950 autam

186 2985 324 3038 accedunt
340 2985 600 3055 propriaquaednm
619 2984 743 3036 4414444444
762 2985 862 3036 indicia
881 3000 922 3048 44,
943 3001 1013 3050 quae
1030 3000 1112 3052 supra
1131 2985 1289 3050 significavi.

257 3073 294 3122 144
319 3072 417 3122 harum
439 3071 577 3134 glandium
599 3072 704 3135 origine
724 3073 854 3136 variaque
878 3071 986 3122 lortuna
1004 3071 1141 3122 aderanda
1159 3075 1222 3121 sunt
1245 3073 1322 3122 haec.
1361 3071 1400 3122 Ex
1419 3072 1534 3136 epistula

184 3158 325 3222 Borghesii
343 3157 411 3208 inira
435 3157 571 3208 laudanda
597 3160 699 3208 scimus
726 3171 754 3209 n.
769 3156 810 3208 4*.
833 3156 874 3209 4*.
896 3157 937 3208 4*.
958 3155 998 3208 44.
1019 3157 1076 3208 444.
1097 3156 1155 3207 444.
1178 3155 1236 3208 44*.
1257 3157 1307 3207 44*
1325 3158 1461 3208 exstitisse
1480 3159 1533 3207 iam

184 3256 280 3294 mense
299 3243 548 3308 1414444444444;
575 3242 724 3294 lubricatas
749 3256 809 3294 esso
826 3243 885 3293 veri
911 3242 999 3294 simile
1017 3245 1057 3294 est
1082 3242 1173 3308 paullo
1191 3245 1271 3292 antea
1290 3243 1325 3293 ad
1343 3241 1534 3306 decipiendum

184 3329 299 3381 tortasse
322 3329 476 3390 Minicium,
505 3330 552 3393 444
580 3329 626 3380 4144
654 3332 777 3394 tempore
804 3328 915 3392 glandes
940 3328 1135 3392 undecumque
1162 3327 1288 3392 colligere
1315 3330 1460 3393 coepisset.
1504 3330 1532 3378 ln

185 3428 312 3466 muscum
331 3415 537 3465 liircberianum
562 3414 660 3466 inlatas
684 3427 745 3464 esse
769 3415 840 3464 inter
863 3428 888 3466 a.
905 3417 970 3464 4447
990 3417 1017 3464 44
1035 3415 1100 3464 4444
1125 3413 1189 3464 4444
1207 3413 1298 3477 colligi
1323 3413 1400 3476 licet,
1426 3415 1499 3478 4444
1518 3428 1534 3464 a

185 3501 315 3552 Bruuatio
328 3514 353 3552 a.
369 3503 435 3549 4447
453 3499 575 3550 44444ιιι
588 3503 849 3562 commemorantur,
869 3499 918 3550 sed
931 3513 985 3564 quo
998 3503 1120 3565 tempore
1133 3500 1236 3550 Minicii
1249 3500 1411 3565 opusculum
1428 3501 1533 3565 prelum

184 3585 313 3652 fatigabat
339 3587 372 3646 44.
394 3588 585 3648 ists-teto),
611 3587 664 3636 iem
689 3585 746 3636 illic
764 3585 988 3637 asservabantur.
1013 3611 1047 3621 -
1065 3587 1086 3635 44
1104 3599 1159 3650 444
1183 3587 1293 3636 homine
1316 3587 1531 3637 communicatae

185 3685 249 3724 cum
274 3673 384 3723 Minicio
408 3671 522 3734 luerint,
549 3672 702 3733 nescimus,
732 3673 785 3722 nisi
808 3671 881 3736 quod
906 3685 933 3723 n.
955 3670 995 3720 4*.
1023 3669 1064 3722 ti.
1091 3667 1140 3720 tt*
1164 3675 1244 3722 antea
1268 3671 1375 3723 inerant
1398 3674 1533 3723 vincentii

185 3760 225 3809 De
242 3758 330 3808 Paolis
353 3756 515 3823 professoris
539 3756 574 3807 ab
597 3769 683 3821 eoque
709 3757 759 3807 has
777 3770 803 3810 4.
820 3755 854 3806 t*
872 3761 898 3808 et
917 3755 949 3807 b*
967 3758 994 3808 in
1014 3757 1111 3808 Piceno
1129 3757 1163 3806 ad
1181 3757 1291 3808 Truenti
1315 3758 1389 3822 ripas
1413 3761 1534 3824 repertas

186 3857 247 3895 esse
266 3845 392 3894 Minicius
411 3847 532 3894 testatur.

256 3930 456 3992 Mommsenns,
485 3931 531 3994 qui
556 3929 605 3979 bns
629 3929 742 3992 glandes
767 3943 819 3979 non
844 3929 965 3990 viderat,
994 3933 1103 3994 propter
1126 3929 1335 3994 inscriptionum
1362 3929 1481 3979 indolem
1506 3931 1533 3980 in

185 4015 313 4080 Corporis
331 4015 410 4065 voli
428 4016 463 4066 44
481 4028 507 4065 n.
524 4018 584 4067 444,
605 4019 664 4067 444.
686 4017 734 4064 444
760 4016 959 4078 dubitationem
983 4014 1122 4080 protessus
1146 4017 1188 4064 est
1209 4015 1243 4065 de
1262 4016 1418 4066 sinceritate
1436 4015 1533 4065 harum

186 4101 229 4151 44.
250 4099 291 4150 4*.
313 4100 345 4150 4*
364 4105 391 4152 44
411 4103 491 4164 (quae
508 4103 600 4151 tamen
619 4102 736 4165 genuina
754 4104 804 4163 444)
824 4115 851 4153 4.
867 4105 916 4163 44,
941 4102 1058 4152 maxime
1082 4105 1173 4152 nutem
1197 4101 1336 4164 glandium
1361 4115 1388 4152 4.
1403 4099 1530 4160 4*-44*;

186 4185 367 4238 confidentius
390 4187 464 4239 idem
485 4201 549 4238 mox
567 4189 595 4238 44
614 4189 754 4238 4414444444
772 4185 829 4238 delt'
844 4188 963 4238 Instituta
983 4191 1049 4237 4444
1068 4201 1095 4252 p.
1111 4191 1142 4237 44
1162 4201 1224 4249 eas,
1245 4189 1272 4236 in
1291 4186 1391 4252 quibus
1414 4187 1534 4252 legiones

185 4275 280 4326 aetatis
299 4273 487 4338 imperatoriae
506 4274 647 4338 leguntur,
674 4272 755 4324 441444
780 4273 921 4325 1441444444
938 4288 999 4325 4444
1023 4273 1176 4324 affirmavit.
1214 4274 1310 4339 Nuper
1327 4274 1437 4324 demum
1457 4287 1533 4323 com-

183 4361 322 4426 perimus,
346 4360 400 4410 iam
419 4358 613 4423 Borghesium,
639 4372 757 4424 quocum
777 4374 801 4410 a.
818 4363 884 4410 4444
903 4361 1029 4410 Minicius
1053 4359 1207 4424 apographa
1227 4359 1484 4417 communicaverat,
1506 4360 1532 4407 in

185 4445 355 4512 4444441444
374 4445 514 4495 Minicium
533 4445 633 4508 scripta
653 4447 666 4493 4
686 4444 736 4496 141.
753 4448 819 4496 4444
839 4445 976 4496 44444144
996 4459 1021 4495 a.
1037 4449 1103 4494 4474
1122 4446 1149 4494 44
1168 4445 1292 4510 4444111
1311 4458 1337 4509 p.
1354 4448 1402 4494 444
1422 4444 1533 4495 easdem

185 4532 322 4595 legionum
348 4531 539 4596 inscriptiones
563 4532 590 4579 in
617 4531 802 4595 suspicionem
827 4543 941 4582 vocasse
966 4531 1133 4594 argumentis
1158 4531 1335 4594 gravissimis.
1373 4530 1407 4580 nt
1424 4531 1533 4582 Minicio

185 4620 292 4668 tantum
310 4615 377 4667 aluit
393 4619 425 4666 ut
442 4615 629 4682 persuaderet,
656 4619 687 4666 ut
706 4617 768 4668 4444
787 4616 919 4682 opusculo
939 4631 988 4667 suo
1001 4618 1050 4666 viri
1064 4617 1165 4667 summi
1179 4621 1206 4667 et
1218 4629 1318 4667 nomen
1330 4619 1358 4666 et
1369 4619 1533 4667 sententiam

184 4715 299 4768 prorsus
323 4705 440 4761 taceret,
468 4703 551 4752 immo
574 4702 620 4752 hic
643 4701 699 4753 illic
720 4704 957 4766 argumentosius
976 4706 1046 4753 tecte
1064 4701 1187 4753 refellere
1206 4705 1353 4753 conaretur
1369 4702 1413 4753 vel
1432 4703 1464 4752 iis
1483 4702 1533 4753 ab·

185 4790 322 4844 claretum
343 4787 377 4837 ad
396 4799 478 4851 quam
497 4799 555 4837 rem
574 4789 640 4837 satis
654 4789 696 4838 est
712 4788 836 4838 attulisse
849 4787 1003 4853 exemplum
1023 4787 1087 4838 hcc:
1108 4800 1172 4836 cum
1190 4800 1218 4839 n.
1235 4785 1283 4836 44*
1301 4787 1435 4851 legionem
1447 4787 1533 4838 XVlll

185 4871 293 4923 firmam
312 4885 346 4922 ex
364 4871 501 4937 lapidibus
518 4886 662 4938 perperam
682 4873 759 4924 lectis
778 4873 835 4939 (pro
848 4873 909 4923 XVl
929 4873 1020 4924 Flavia
1033 4873 1120 4935 firma)
1141 4873 1284 4938 repetitam
1303 4885 1363 4924 essa
1382 4873 1534 4923 monuisset

186 4959 364 5023 Borghesins,
390 4959 516 5009 Minicius
533 4959 676 5024 glandem,
699 4961 792 5024 utpote
809 4960 923 5010 unicum
942 4960 1001 5009 eius
1019 4957 1133 5022 legionis
1150 4960 1352 5021 testimonium,
1379 4960 1405 5008 in
1424 4971 1532 5010 summo

185 5046 272 5111 pretio
285 5044 439 5096 habendam
452 5059 512 5096 esse
524 5044 678 5108 affirmavit,
699 5045 804 5110 lapides
817 5047 890 5096 enim
904 5045 974 5096 duos
988 5049 1084 5108 tresve,
1104 5045 1150 5110 qui
1164 5059 1224 5096 eam
1237 5045 1330 5096 testari
1344 5045 1529 5107 crederentur,

186 5129 257 5181 male
281 5130 432 5196 descriptos
455 5143 515 5182 esse
539 5144 589 5196 pro
614 5135 688 5182 certo
712 5131 816 5183 baberi.
841 5158 877 5168 -
902 5131 983 5183 Nunc
1007 5130 1118 5195 quidem
1143 5145 1176 5182 ex
1200 5133 1248 5192 iis,
1278 5145 1349 5195 quae
1376 5145 1425 5194 ego
1450 5143 1532 5196 supra

189 5215 333 5282 disputavi,
354 5219 428 5281 patet
445 5217 624 5280 Borghesium
642 5218 895 5282 Mommsenumque
914 5219 988 5268 recte
1014 5216 1149 5267 iudicasse
1168 5217 1202 5268 de
1221 5217 1274 5268 illis
1291 5216 1529 5282 inscriptionibus;

185 5301 232 5352 sed
255 5303 437 5369 suspicionem
460 5301 576 5368 professi
598 5306 661 5355 sunt
682 5302 841 5354 iraudemve
867 5303 1084 5362 altirmaverunt,
1114 5316 1168 5354 nou
1192 5304 1416 5356 demonstrarunt
1441 5306 1533 5355 evice-
