3706 5976
232 511 236 522 ι
332 551 395 598 xtv
903 542 1104 594 Praesumo,

329 714 515 776 foraminum
545 716 631 795 origo
660 733 740 777 esse.
788 715 864 776 Nam
888 715 1039 776 llittorius
1069 714 1324 796 archipresbyter
1346 717 1587 796 liugnanensis,
1618 719 1673 796 qui

328 819 460 880 Nisseno
484 818 626 897 mihique
649 838 677 878 a.
706 819 786 878 4864
812 816 966 879 eiusmodi
989 815 1120 895 glandes
1143 819 1345 894 monstravit,
1371 818 1505 880 rusticos
1527 820 1597 881 eius
1620 839 1673 880 re-

327 922 429 999 gionis
452 920 591 981 narravit
614 919 745 1000 glandes
771 939 828 1001 pro
852 920 1000 982 amuletis
1022 930 1146 1001 portare
1171 929 1202 982 et
1225 919 1265 982 ad
1288 921 1345 981 boc
1368 919 1531 1002 perforare
1554 923 1669 984 solere.

326 1021 417 1085 Adde
440 1041 521 1106 quae
544 1023 636 1085 attuli
659 1043 691 1104 p.
710 1024 779 1085 Xlll
804 1033 834 1084 et
856 1043 888 1103 p.
906 1023 1001 1084 XXll.

416 1127 445 1187 4.
478 1128 581 1206 Longe
611 1126 780 1207 plerasque
811 1124 943 1207 glandes
974 1145 991 1188 a
1022 1125 1186 1188 veteribus
1217 1145 1280 1188 non
1310 1125 1406 1188 luisse
1436 1128 1604 1209 inscriptas
1632 1127 1672 1190 de

327 1229 450 1290 Picenis
472 1227 602 1309 quidem
626 1237 711 1290 certo
735 1237 930 1310 compertum
953 1238 1002 1290 est
1024 1228 1245 1292 effossionibus
1267 1229 1382 1292 nostris
1403 1229 1451 1310 (64.
1472 1251 1505 1312 p.
1524 1231 1543 1292 5
1559 1229 1670 1312 extr).

328 1331 414 1393 ldem
437 1329 477 1393 de
509 1331 642 1412 reliquis
671 1330 800 1394 fortasse
832 1341 916 1394 recte
939 1332 1105 1410 statuitur,
1137 1331 1194 1392 sed
1217 1351 1268 1393 res
1292 1333 1410 1394 incerta
1434 1343 1483 1394 est
1505 1343 1672 1414 propterea

329 1433 414 1515 quod
445 1434 512 1496 lerc
542 1453 604 1495 non
634 1444 851 1496 memorantur
880 1434 1112 1514 colligunturvc
1134 1435 1194 1496 nisi
1218 1453 1294 1510 eae,
1333 1453 1414 1515 quac
1438 1435 1672 1516 inscriptionem

327 1539 379 1598 vel
404 1537 574 1618 imaginem
597 1537 760 1599 exhibent.
807 1535 884 1599 lnde
907 1538 991 1598 enim
1017 1535 1133 1598 iactum
1156 1555 1226 1598 esse
1248 1547 1363 1616 potest,
1389 1536 1476 1618 quod
1499 1540 1531 1600 in
1555 1539 1673 1600 museis

328 1641 544 1721 anepigrapha
574 1639 720 1722 exempla
750 1657 811 1702 non
843 1658 942 1721 pauca
976 1639 1107 1720 quidem
1138 1659 1177 1702 ex
1199 1639 1270 1701 aliis
1293 1641 1460 1702 territoriis
1494 1640 1555 1723 (ex.
1581 1660 1629 1722 gr.
1655 1661 1672 1702 6

330 1743 495 1822 Perusino,
521 1744 722 1824 maximeque
746 1763 786 1806 ex
809 1741 946 1823 Graecis)
974 1743 1191 1823 provenientia
1216 1753 1432 1822 asservantur,
1465 1742 1522 1806 sed
1551 1743 1672 1804 minore

330 1843 427 1926 lere1)
455 1865 587 1908 numero
610 1865 705 1926 quam
729 1847 890 1927 inscripta.
909 1880 953 1890 -
968 1847 1192 1928 lnscriptarum
1216 1845 1380 1927 glandium
1401 1845 1609 1928 (paucissimis
1632 1845 1672 1908 66

332 1948 450 2028 quibus
474 1947 557 2012 inira
581 1948 706 2012 dicetur
721 1950 871 2032 exceptis)
894 1950 1035 2012 omnium
1058 1950 1183 2026 litterae
1206 1959 1369 2012 exstantes
1384 1959 1470 2028 sunt,
1496 1950 1539 2012 ila
1562 1949 1671 2028 iactae,

328 2061 362 2112 ut
384 2051 417 2112 in
448 2049 566 2114 formae
600 2053 712 2132 argilla
741 2051 848 2115 umida
879 2053 1011 2133 graphio
1040 2053 1141 2116 aliave
1171 2051 1304 2134 cuspide
1327 2053 1562 2130 inciderentur,
1599 2051 1672 2113 inn-

326 2152 449 2216 dcndae
472 2154 587 2218 deinde
617 2155 712 2218 simul
735 2175 804 2218 cum
828 2155 943 2236 glande
971 2157 1050 2237 ipsa.
1096 2156 1247 2236 Exceptis
1276 2165 1425 2236 quattuor
1447 2156 1497 2216 vel
1528 2156 1671 2235 quinque

328 2275 410 2336 quae
433 2258 650 2320 sinistrorsum
674 2258 808 2340 legenda
837 2268 928 2338 sunt,
964 2257 1201 2340 exemplaribus
1224 2259 1290 2325 bis:
1320 2277 1353 2320 n.
1373 2258 1404 2320 7.
1430 2257 1493 2321 324
1516 2257 1568 2318 50.
1597 2258 1668 2318 443.

329 2360 411 2437 444,
451 2360 573 2423 litterae
604 2363 636 2423 in
671 2363 767 2423 torma
803 2363 947 2424 inversae
982 2363 1150 2444 inscriptae
1183 2360 1329 2440 luerunt,
1370 2363 1413 2422 ita
1445 2370 1481 2424 ut
1514 2361 1545 2422 in
1581 2361 1672 2442 glan-

327 2461 423 2526 dibus
445 2463 523 2544 ipsis
554 2463 740 2526 dextrorsus
771 2464 921 2545 procedat
951 2465 1120 2545 scriptura.
1175 2463 1238 2528 Sed
1267 2465 1317 2526 hio
1348 2465 1412 2526 illic
1445 2485 1502 2544 per
1532 2483 1671 2526 errorem

328 2564 468 2627 lunditor
491 2567 613 2628 litteras
634 2567 776 2647 singulas
799 2569 953 2628 contrario
976 2567 1067 2629 modo
1083 2568 1241 2629 exaravit:
1268 2588 1287 2626 v
1311 2587 1342 2628 n.
1364 2567 1415 2646 47,
1440 2585 1457 2628 a
1480 2585 1512 2628 n.
1531 2567 1571 2626 at
1589 2586 1620 2628 v.
1638 2587 1668 2642 a,

328 2667 458 2731 iortesse
481 2689 507 2730 w
536 2689 567 2730 n.
594 2670 646 2730 54.
672 2691 694 2732 ι.
726 2705 769 2716 —-
798 2671 832 2732 ln
866 2670 1026 2733 nonnullis
1053 2671 1094 2752 (6.
1123 2671 1184 2730 toi
1214 2670 1266 2732 53.
1294 2670 1433 2732 56-69,
1459 2671 1509 2730 69.
1537 2671 1589 2728 80.
1615 2670 1667 2730 86.

327 2771 380 2831 85.
400 2769 450 2850 98)
470 2789 583 2834 versus
605 2773 690 2834 terni
706 2773 893 2854 quaternive
918 2773 960 2834 ita
984 2775 1103 2835 exarati
1127 2783 1212 2852 sunt,
1239 2783 1274 2836 ut
1296 2765 1520 2858 βουστροφηδὸν
1543 2770 1670 2852 legendi

327 2875 401 2937 sint.
440 2875 515 2935 Bina
538 2875 637 2936 latera
660 2876 809 2954 inscripta
833 2884 907 2936 sunt
929 2875 1058 2937 harum:
1085 2895 1117 2938 n.
1138 2877 1218 2940 aa.
1238 2877 1287 2938 86.
1306 2877 1355 2939 at.
1373 2877 1404 2938 3.
1424 2877 1473 2938 aa.
1494 2878 1525 2936 9.
1545 2875 1596 2934 44.
1617 2875 1667 2935 46.

328 2979 382 3038 26.
408 2979 459 3040 69.
488 2977 625 3039 itt-52.
652 2977 704 3038 56.
731 2977 783 3040 67.
810 2978 862 3039 69.
890 2979 942 3040 64.
969 2979 1019 3040 63.
1047 2981 1185 3041 66-68.
1211 2978 1350 3042 70-80.
1377 2981 1425 3040 94.
1451 2979 1503 3041 93.
1523 2977 1574 3040 95.
1596 2978 1667 3038 408.

330 3082 402 3142 lli.
431 3081 503 3142 443.
531 3081 603 3142 444.
632 3082 709 3156 420;
745 3079 829 3142 46646
854 3079 970 3144 lactum
993 3089 1042 3144 est
1064 3083 1097 3144 in
1121 3082 1186 3160 his,
1225 3101 1360 3164 quarum
1388 3091 1493 3144 tamen
1516 3081 1615 3143 latera
1638 3081 1671 3142 in

327 3193 434 3245 ternas
450 3185 599 3264 pluresve
622 3203 714 3246 areas
730 3193 805 3246 sunt
820 3182 963 3246 divisae:
990 3203 1022 3245 n.
1043 3185 1094 3246 40.
1113 3186 1165 3248 22.
1184 3187 1238 3247 83.
1256 3185 1309 3247 53.
1329 3185 1382 3246 56.
1401 3185 1453 3244 58.
1473 3185 1524 3246 69.
1545 3185 1597 3246 68.
1617 3185 1668 3244 69.

327 3287 379 3348 88.
406 3287 457 3348 92.
484 3289 536 3349 94.
557 3287 609 3350 97.
629 3289 681 3348 99.
702 3287 773 3349 448.
796 3321 832 3332 -
852 3287 1115 3350 Paucissimarum
1139 3289 1382 3368 inscriptionum
1405 3295 1574 3349 excavatae
1597 3293 1673 3348 sunt

327 3390 463 3468 litterae,
479 3408 559 3470 quas
574 3390 606 3452 in
623 3389 691 3452 4666
708 3391 769 3452 iam
785 3389 900 3471 glande
917 3391 1111 3470 scariphatas
1126 3409 1197 3452 esse
1209 3399 1358 3471 apparet:
1378 3409 1411 3451 n.
1425 3390 1465 3452 20
1489 3391 1525 3472 (64
1541 3389 1672 3468 antiqua

327 3493 396 3572 cst),
424 3495 475 3554 64.
504 3493 576 3554 499.
605 3493 677 3554 449.
700 3494 760 3554 tea
780 3491 898 3575 (666),
924 3492 1131 3574 eiusdemque
1154 3494 1282 3574 generis
1305 3495 1344 3554 65
1368 3491 1497 3556 videtur
1520 3491 1668 3572 luisse²);

327 3594 451 3675 glandis
474 3595 587 3658 unicae
610 3615 643 3656 n.
662 3597 702 3656 88
726 3597 889 3676 inscriptio
913 3605 967 3658 aut
990 3597 1089 3659 incisa
1111 3605 1166 3660 aut
1187 3597 1274 3660 caelo
1296 3595 1426 3658 fortasse
1449 3596 1539 3658 tenui
1562 3595 1672 3656 466666

327 3707 387 3760 est.
427 3699 685 3778 scariphatarum
709 3699 866 3779 scriptura
889 3699 1024 3778 cursiva,
1051 3708 1230 3762 ceterarum
1247 3699 1401 3780 quadrata
1424 3707 1489 3776 est;
1516 3696 1672 3777 quaedam

327 3799 469 3862 medium
493 3801 576 3862 inter
604 3811 774 3882 utramque
805 3800 937 3864 lormam
967 3803 1070 3864 locum
1093 3812 1204 3866 tenent
1230 3803 1343 3864 litteris
1371 3800 1592 3883 gracilioribus
1615 3819 1673 3861 ex-

326 3912 450 3982 aratae,
483 3923 565 3983 quae
594 3923 693 3986 prope
724 3903 879 3968 accedunt
909 3905 949 3967 ad
979 3906 1080 3988 pictas
1102 3907 1152 3968 vel
1175 3907 1292 3968 calamo
1322 3905 1456 3986 scriptas
1479 3903 1530 3965 vel
1553 3901 1672 3965 tabulis

327 4005 457 4067 abeneis
480 4005 595 4069 incisas
619 4008 679 4088 (ex.
706 4027 754 4090 gr.
779 4027 811 4070 n.
834 4009 883 4068 45.
912 4009 950 4069 48
975 4019 1007 4071 64
1029 4009 1167 4090 quadam
1190 4019 1284 4072 tenus
1310 4009 1359 4069 40.
1381 4005 1446 4090 44).

277 4097 280 4102 ’
415 4109 593 4189 Numquam
629 4121 734 4174 autem
768 4113 1011 4193 inscriptiones,
1038 4124 1196 4194 quatenus
1224 4113 1401 4175 litterarum
1433 4109 1642 4173 eminentium
1651 4107 1673 4190 8)

327 4219 413 4290 sunt,
441 4211 706 4295 incudendo⁴)
734 4224 809 4278 sunt
832 4215 949 4294 lactae;
976 4235 1049 4278 nam
1065 4217 1168 4278 omnia
1192 4215 1224 4278 id
1245 4234 1346 4296 genus
1362 4213 1565 4294 exemplaria,
1591 4229 1674 4294 quae

327 4419 445 4484 lapidem
467 4419 632 4472 lleliodorus
650 4419 727 4472 6646.
749 4421 795 4483 lx,
811 4425 841 4483 s;
862 4421 963 4472 indicia
982 4434 1052 4486 quac
1075 4435 1107 4474 ex
1130 4421 1232 4490 oppido
1257 4422 1370 4485 Attagus
1394 4433 1410 4472 a
1428 4418 1617 4486 proditoribus
1638 4417 1674 4468 ad

329 4503 472 4557 Caesarem
495 4505 682 4568 mittebantur,
708 4509 839 4573 inscripta
857 4511 936 4558 erant
953 4507 1098 4572 glandibus
1116 4509 1195 4574 ipsis;
1216 4506 1250 4560 cl.
1271 4521 1297 4572 p.
1316 4509 1348 4557 48
1367 4509 1430 4557 6646
1448 4519 1475 4555 6.
1496 4507 1538 4556 to.

397 4593 420 4654 4)
438 4592 467 4640 46
487 4606 581 4644 museo
601 4594 791 4645 Panormitano
810 4593 911 4646 multae
931 4594 1107 4660 inscriptione
1131 4597 1256 4645 carentes
1274 4593 1470 4652 adservantem
1502 4591 1536 4643 cl.
1556 4589 1671 4650 Salinas,

327 4689 416 4727 museo
432 4679 459 4728 di
478 4679 534 4731 Pol.
555 4683 620 4729 tara
639 4693 666 4745 p.
682 4683 724 4730 tr.

397 4763 422 4824 8)
447 4763 543 4829 spuria
566 4769 608 4816 est
627 4779 653 4817 n.
675 4765 756 4816 tw.
794 4767 940 4832 suspectae
963 4770 1025 4817 6664
1057 4779 1084 4816 n.
1104 4769 1138 4817 tt
1158 4767 1214 4816 not.
1234 4768 1261 4815 et
1279 4763 1328 4814 87*
1340 4769 1370 4826 o;
1390 4765 1425 4816 dc
1443 4764 1485 4816 646
1503 4765 1621 4827 itemque
1638 4761 1673 4810 de

328 4861 354 4897 n.
366 4851 389 4908 t,
401 4849 432 4897 to
446 4852 501 4900 not.
516 4849 698 4902 differendum
711 4853 751 4902 est
763 4851 910 4914 iudicium,
925 4852 1013 4904 donec
1025 4852 1116 4903 denuo
1129 4853 1297 4903 examinatae
1309 4850 1417 4902 luerint.
1448 4851 1477 4900 ln
1490 4849 1572 4898 onius
1584 4859 1611 4896 n.
1625 4849 1672 4894 ιιι

328 4933 414 4996 (add.)
435 4936 519 4986 latere
536 4937 622 4988 altero
641 4937 746 4990 litterae
758 4942 823 4990 sunt
840 4941 994 5000 excavatae,
1015 4939 1064 4990 666
1083 4938 1163 4988 simul
1183 4953 1245 4990 cum
1265 4938 1371 5004 glandis
1388 4937 1495 4989 lusione
1513 4934 1608 4985 lectae.

397 5022 421 5083 t)
451 5022 537 5074 446466
563 5025 703 5090 inscriptio
734 5039 761 5076 n.
783 5030 830 5088 88,
859 5027 937 5076 cuius
966 5026 1070 5077 litterae
1097 5029 1242 5078 excavatae
1268 5029 1345 5087 sunt,
1374 5021 1531 5076 incedendo
1558 5018 1672 5070 lortasse

327 5111 395 5164 lacte
414 5113 463 5170 664,
483 5109 533 5161 666
552 5123 606 5159 non
625 5111 651 5160 in
670 5109 755 5161 torma
774 5115 805 5162 ut
822 5112 998 5164 adulteratae.

399 5195 422 5257 4)
451 5193 571 5246 nunnius
589 5197 733 5250 6464666646
753 5199 810 5249 4444
833 5201 918 5262 (4468)
939 5211 965 5264 p.
982 5202 1029 5248 tro
1055 5199 1159 5250 litteras
1184 5199 1291 5250 Siculae
1316 5198 1458 5249 cuiusdam
1477 5197 1584 5262 glandis
1604 5193 1674 5266 (νιιιη

326 5274 500 5350 ’4466)446666)
518 5273 640 5345 ‘scalpttc'
661 5285 686 5332 64
698 5283 736 5334 De
749 5283 855 5335 llinicis
871 5285 925 5348 iqui
944 5287 1055 5336 omnino
1074 5283 1109 5336 66
1121 5283 1267 5349 glandibus
1280 5282 1444 5336 fabricandis
1461 5284 1530 5335 mira
1549 5283 1673 5350 protulit,
