3706 5976
617 555 661 604 ror
678 555 851 615 uunroveu
869 557 1026 609 prosuae.
1477 549 1498 619 9

152 751 245 807 irenio
254 741 291 825 ¹),
325 749 356 804 P.
376 743 540 826 Ventidio²)
574 749 610 806 ad
634 751 812 808 Falerionem
840 759 968 808 montem
998 752 1035 809 ab
1064 755 1158 825 iisque
1187 756 1357 826 compulsus
1385 759 1413 812 in
1435 759 1499 813 Pir-

152 868 232 909 mum
255 852 398 910 coloniam
418 844 563 927 (Latinam)
585 853 720 910 liomanis
739 854 824 910 tidem
840 871 873 910 se
896 857 1007 926 recepit
1027 849 1111 931 (App.
1135 860 1160 926 1,
1183 851 1247 934 61),
1266 857 1318 915 ubi
1336 875 1353 914 a
1369 860 1500 916 Latreuio

151 955 290 1013 obsessus
312 961 366 1011 est.
406 955 472 1011 Mox
494 961 648 1026 postquem
671 957 744 1013 alter
765 959 910 1013 exercitus
932 959 962 1013 in
985 958 1122 1014 auxilium
1145 957 1271 1028 advenit,
1297 962 1360 1030 ipse
1382 970 1410 1018 et
1432 963 1500 1019 Sul-

151 1059 244 1130 picius
265 1064 324 1115 tam
346 1075 362 1114 6
377 1058 472 1116 fronte
487 1075 575 1130 quam
590 1059 627 1116 ab
644 1066 724 1131 tergo
747 1061 841 1118 adorti
856 1061 989 1118 Picentes
1007 1065 1086 1131 gravi
1103 1062 1214 1132 proelio
1230 1064 1367 1120 fuderunt
1382 1068 1501 1122 castris-

151 1177 209 1232 que
232 1177 333 1219 eorum
356 1161 483 1218 incensis
506 1169 535 1218 et
557 1162 688 1220 Lairenio
711 1165 741 1218 in
763 1164 826 1219 acie
848 1166 946 1221 occiso
970 1165 1146 1231 effecerunt,
1173 1171 1205 1221 ut
1227 1166 1266 1221 illi
1289 1168 1353 1223 sine
1379 1167 1459 1225 duce
1482 1186 1499 1224 e

150 1265 253 1323 ordine
269 1262 418 1332 Asculum,
444 1259 700 1340 616611166111161113)
720 1265 870 1338 oppidum,
896 1261 1129 1340 confugerenttl.
1170 1268 1290 1339 Propter
1304 1285 1392 1340 quam
1407 1272 1501 1328 victo-

150 1370 224 1424 riam
246 1369 354 1424 Romae
376 1368 472 1424 luctus
494 1367 594 1424 habitu
617 1367 748 1438 deposito
770 1374 938 1440 praetextae
961 1377 990 1426 et
1011 1375 1107 1446 cetera
1137 1372 1356 1441 magistratuum
1379 1374 1499 1446 insignia

152 1477 267 1543 sumpta
290 1476 358 1527 sunt
367 1467 404 1546 Ι1).
440 1471 495 1526 Diu
518 1470 657 1540 deinceps
672 1472 836 1542 Pompeius,
862 1475 976 1530 interim
1000 1475 1101 1531 consul
1125 1474 1360 1547 recusasse,
1387 1476 1501 1534 obsedit

150 1567 340 1650 Asculum⁶);
376 1575 413 1630 de
441 1576 525 1631 cuius
555 1573 715 1632 obsidionis
743 1575 993 1634 vicissitudinibus
1022 1577 1094 1633 nihil
1116 1578 1178 1634 iere
1200 1578 1337 1634 traditum
1358 1578 1501 1636 babemus

152 1679 207 1733 nisi
231 1677 310 1748 quod
332 1678 486 1736 Frontinus
508 1683 589 1734 strat.
610 1683 639 1748 3,
669 1682 718 1750 11,
740 1685 756 1736 8
777 1677 935 1737 Asculanos
959 1681 1142 1750 eruptionem
1164 1697 1305 1738 successu
1327 1681 1364 1738 ad
1386 1689 1501 1754 tempus

152 1781 229 1838 ielici
255 1781 361 1837 iecisse
388 1787 539 1838 memorat.
587 1783 721 1854 Denique
751 1783 926 1853 expugnarit
955 1783 1056 1840 consul
1085 1785 1225 1853 oppidum
1253 1785 1361 1856 duplici
1390 1787 1501 1856 proelio

151 1884 242 1941 altero
265 1884 366 1940 Marsis
392 1877 466 1960 (per.
486 1888 525 1942 16
550 1878 656 1960 med),
684 1885 774 1942 altero
796 1883 961 1942 Picentibus
984 1886 1087 1942 cadem
1110 1887 1157 1942 die
1178 1880 1272 1962 (Oros.
1292 1879 1309 1964 §
1327 1885 1378 1959 11)
1403 1890 1496 1958 victis,

152 2002 209 2058 qua
226 1986 272 2042 die
288 1989 364 2044 circa
379 1985 518 2044 Asculum
538 1990 669 2059 quinque
688 1995 717 2044 et
731 1991 912 2060 septuaginta
935 1989 1014 2045 milia
1030 1990 1136 2045 civium
1151 1990 1357 2058 Romanorum,
1377 1992 1501 2063 amplius

151 2091 297 2160 sexaginta
320 2090 398 2145 milia
420 2090 555 2147 italorum
579 2090 772 2147 eonilixerunt
799 2083 930 2166 (Velit,
952 2083 1018 2166 tr).
1065 2089 1106 2148 Ac
1128 2093 1288 2150 Marsorum
1310 2094 1431 2165 quidem
1453 2095 1501 2152 illo

151 2193 263 2265 proelio
277 2178 378 2248 ‘xviii
401 2193 477 2248 milia
500 2209 567 2249 cum
584 2193 694 2251 Frauco
714 2187 767 2268 (sic
783 2185 910 2270 codices)
932 2197 1106 2266 imperatore
1128 2211 1182 2252 suo
1206 2212 1291 2254 caesa
1314 2205 1390 2268 suut,
1418 2205 1501 2270 capta

151 2298 205 2352 tria
226 2297 320 2364 milia;
347 2296 582 2366 quattuormilia
605 2303 702 2354 autem
717 2298 807 2354 Italici
829 2297 885 2353 riri
908 2315 943 2354 ex
966 2315 1000 2354 ea
1022 2298 1114 2354 caede
1135 2299 1249 2371 profugi
1273 2303 1373 2372 iugum
1395 2303 1501 2359 montis

151 2399 391 2467 conscenderant,
416 2399 469 2456 ubi
496 2402 630 2472 oppressi
657 2402 869 2472 exanimatique
896 2401 1013 2458 nivibus
1034 2401 1192 2459 miserabili
1222 2409 1314 2460 morte
1340 2389 1502 2475 riguerunt'

156 2496 252 2578 (Oros.
278 2495 295 2579 §
323 2508 358 2560 18
382 2497 456 2580 sq.).
505 2504 573 2561 Post
594 2505 754 2560 Picentium
786 2504 898 2560 cladem
928 2504 986 2560 dux
1009 2520 1110 2562 eorum
1134 2504 1306 2574 llidacilius,
1339 2504 1500 2563 Asculanos

150 2621 275 2676 genere,
309 2592 484 2662 ‘convocetis
513 2607 694 2679 principibus
723 2607 784 2663 suis
814 2613 881 2677 post
909 2607 1077 2678 magnificas
1101 2607 1203 2678 epulas
1229 2609 1367 2680 largaque
1397 2611 1501 2679 pocula

151 2713 273 2766 cunctos
303 2709 340 2763 ad
370 2709 537 2781 exemplum
565 2711 611 2767 sui
639 2725 803 2782 provocans
825 2710 929 2767 hausto
950 2727 1064 2768 veneno
1094 2711 1267 2783 absumptus
1295 2719 1354 2781 est,
1389 2714 1502 2770 cunctis

151 2811 259 2868 iactum
275 2813 338 2867 eius
353 2811 538 2869 laudantibus
560 2813 612 2869 sed
632 2815 748 2870 nemine
771 2799 982 2885 subsequentc³
1001 2807 1095 2889 (Oros.
1114 2807 1131 2891 §
1150 2817 1201 2883 tt,
1228 2816 1265 2872 ci.
1284 2814 1360 2888 App.
1383 2820 1411 2885 1,
1433 2809 1498 2890 16).

152 2901 315 2986 ‘Pompeius
326 2913 465 2971 Asculum
480 2917 626 2987 ingressus
642 2917 815 2986 praefectos,
836 2918 1021 2974 centuriones
1037 2924 1219 2991 cunctosque
1234 2922 1381 2991 principes
1398 2935 1499 3000 eorum

150 3020 240 3089 virgis
263 3017 369 3074 cecidit
391 3019 548 3089 securique
570 3020 724 3089 percussit,
751 3035 854 3076 servos
873 3019 1071 3090 praedamque
1090 3035 1207 3078 omnem
1229 3022 1284 3079 sub
1300 3023 1381 3078 basta
1398 3021 1502 3078 vendi-

150 3121 203 3190 dit,
222 3121 350 3192 reliquos
366 3119 475 3178 liberos
490 3121 609 3192 quidem
632 3121 684 3176 sed
706 3121 800 3177 nudos
823 3127 851 3178 et
874 3128 992 3193 egentes
1014 3121 1096 3179 abire
1118 3111 1279 3196 praecepit’
1297 3119 1391 3202 (Oros.
1412 3117 1429 3202 ξ
1447 3130 1496 3191 26;

151 3223 189 3279 61.
215 3239 279 3294 per.
300 3217 365 3298 16).
384 3251 428 3263 -
442 3222 525 3280 Anno
550 3227 609 3280 666
626 3223 661 3279 Vl
684 3223 742 3279 kal.
761 3224 821 3278 lan.
840 3225 994 3295 Pompeius
1018 3227 1118 3282 consul
1140 3241 1179 3282 oe
1194 3239 1379 3283 asculanus
1394 3242 1501 3284 riccu-

150 3339 237 3381 rrevs
260 3326 449 3396 triumphavit
469 3318 547 3402 (Acta
568 3325 706 3397 triumph.
725 3325 811 3397 Gorp.
829 3327 887 3398 lp.
909 3319 994 3403 660),
1022 3330 1051 3382 111
1070 3343 1128 3398 quo
1151 3331 1298 3401 triumpho
1321 3331 1396 3385 inter
1419 3335 1501 3386 cete-

150 3444 199 3486 ros
221 3429 252 3483 P.
271 3429 421 3486 Ventidius
444 3429 475 3484 P.
494 3430 515 3485 l.
533 3445 608 3500 puer
627 3421 715 3502 (haud
738 3428 827 3486 dubie
850 3430 880 3486 P.
896 3429 1021 3486 Ventidii
1043 3434 1186 3501 praetoris
1209 3432 1299 3489 italici
1322 3425 1406 3508 iilius)
1435 3440 1500 3488 ante

151 3547 269 3588 currum
292 3534 475 3603 imperatoris
497 3535 564 3588 sinu
585 3533 684 3588 matris
706 3539 808 3589 vectus
832 3539 876 3589 est
903 3525 988 3608 (Geli.
1011 3537 1058 3601 16,
1081 3537 1115 3602 6;
1147 3535 1217 3590 Ρ1111.
1244 3534 1361 3592 11.11.1
1386 3527 1403 3611 §
1422 3539 1495 3602 136;

150 3632 210 3689 Val.
229 3634 304 3690 blan.
325 3639 353 3702 6,
376 3639 403 3703 9,
426 3627 470 3708 9),
496 3641 596 3706 postea
617 3629 653 3710 (a.
675 3628 746 3710 116)
774 3637 837 3706 ipse
860 3635 1090 3708 triumphaturus
1113 3635 1150 3692 de
1166 3637 1287 3693 Parthis.
1315 3667 1354 3678 -
1378 3638 1499 3710 Captum

151 3737 238 3807 igitur
260 3736 400 3808 oppidum
423 3743 468 3792 est
490 3736 545 3794 sub
569 3737 656 3793 linem
679 3739 746 3792 anni
771 3741 830 3795 666
854 3738 951 3796 11161116
973 3741 1030 3794 1661
1053 3741 1221 3810 ingruente,
1252 3739 1381 3797 obsideri
1403 3745 1500 3796 autem

151 3838 267 3894 videtur
289 3845 424 3909 coeptum
455 3855 520 3894 esse
543 3841 600 3894 iam
623 3855 698 3896 auno
723 3843 795 3896 661.

237 3941 279 3996 Ex
301 3940 356 3995 hac
380 3940 514 3997 diuturna
530 3940 628 3998 Asculi
651 3941 788 3999 obidioue
811 3945 982 4012 superstites
1005 3951 1072 4001 sunt
1094 3946 1224 4017 glandeS,
1251 3962 1376 4018 querum
1398 3948 1499 4018 ingens

152 4059 290 4099 numerus
318 4042 359 4099 ibi
388 4050 521 4115 repertus
548 4051 592 4100 est
617 4046 832 4116 reperiturque.
880 4047 992 4103 Paucae
1014 4055 1166 4119 praeterea
1189 4053 1266 4116 sunt,
1293 4065 1369 4121 quae
1392 4052 1422 4104 in
1444 4065 1500 4107 no-

152 4147 237 4202 minis
266 4147 368 4203 incerti
397 4146 505 4218 oppido
536 4146 710 4216 castellovc,
736 4147 787 4204 ubi
810 4164 888 4206 nuno
912 4149 1062 4224 Corropoli
1086 4151 1172 4206 situm
1196 4157 1257 4220 cst,
1283 4158 1333 4208 aut
1362 4153 1391 4207 in
1413 4153 1499 4209 Firmi

151 4249 303 4306 obsidione
326 4249 374 4304 illa
396 4248 543 4305 adhibitae
565 4265 630 4306 esse
653 4250 817 4307 videantur.
858 4252 1045 4309 Characteres
1060 4255 1281 4324 inscriptionum
1296 4253 1366 4310 belli
1385 4255 1500 4312 socialis

150 4354 275 4423 tempori
298 4353 414 4408 omnino
438 4354 615 4409 conveniunt
636 4369 733 4424 neque
755 4354 785 4408 in
808 4369 907 4410 earum
929 4359 1099 4426 argumento
1117 4357 1275 4426 quicquam
1297 4362 1401 4424 exstat,
1419 4357 1498 4430 quod

150 4453 186 4510 ab
211 4470 246 4512 eo
269 4454 434 4524 abhorreat,
461 4457 549 4512 immo
573 4454 716 4526 quaedam
737 4457 812 4512 hanc
835 4457 975 4529 originem
998 4458 1075 4514 clare
1098 4458 1279 4528 profitentur.

236 4558 436 4629 interpretatio
466 4572 525 4613 non
555 4573 715 4628 paucarum
742 4561 852 4616 incerta
884 4565 945 4629 est,
970 4566 1003 4616 ut
1030 4565 1126 4616 tamen
1150 4565 1287 4630 quattuor
1307 4559 1368 4615 iere
1390 4575 1497 4631 genera

149 4663 268 4729 agnosci
290 4662 403 4730 possint
424 4659 508 4718 baec.
557 4661 689 4732 inscripti
711 4667 778 4718 sunt

219 4863 243 4908 1.
265 4860 288 4921 2)
309 4861 354 4912 Sic
373 4861 484 4910 omnino
502 4861 690 4912 scribendum.
727 4861 766 4911 De
785 4860 907 4911 Lalrenio
926 4861 988 4913 vide
1007 4861 1043 4912 ad
1061 4874 1087 4912 n.
1104 4865 1134 4923 a,
1158 4861 1191 4913 de
1211 4861 1334 4912 Ventidio
1354 4861 1477 4914 interius.

218 4949 241 5007 a)
263 4945 359 4996 Strabo
378 4951 403 5007 6,
420 4949 474 5006 1,Ξ
494 4961 521 5012 p.
538 4950 583 4997 att
607 4949 667 5000 Cau.

218 5033 243 5092 1)
264 5031 333 5097 App.
349 5037 373 5092 1,
389 5034 436 5094 11;
458 5033 535 5083 Oros
551 5038 576 5094 6,
593 5037 623 5083 te
642 5031 711 5098 5⁴7,
732 5033 788 5082 Liv.
809 5045 868 5096 per.
883 5033 914 5081 11
934 5034 1022 5098 princ.

218 5119 241 5180 6)
264 5118 319 5168 Liv.
335 5131 393 5184 per.
408 5121 436 5169 et
447 5119 522 5170 Oros.
538 5118 577 5179 li.;
598 5118 632 5170 61.
648 5117 717 5168 Veli.
731 5121 755 5178 t,
771 5120 814 5180 16,
831 5120 854 5178 1,
868 5131 927 5183 per.
940 5121 983 5179 11,
1003 5117 1162 5184 0666516.
1192 5121 1303 5171 Orosius
1314 5125 1412 5171 vestem
1423 5133 1496 5171 moe-

148 5205 219 5253 roris
236 5217 269 5254 ex
289 5205 364 5255 livio
383 5204 557 5256 hauddubie
576 5205 747 5266 memoravit,
766 5204 816 5254 sed
834 5204 934 5254 erravit
951 5218 984 5256 eo
1003 5205 1077 5270 quod
1096 5217 1160 5256 cum
1178 5218 1250 5270 sagas
1268 5205 1398 5257 contudit.

218 5290 242 5351 6)
265 5291 341 5341 Oros.
357 5289 369 5355 5
383 5295 430 5352 16;
452 5292 520 5358 App.
536 5296 561 5352 1,
577 5293 608 5342 111
622 5293 690 5342 extr.
