3706 5976
900 554 1098 634 00000000.

432 731 565 792 Etrusca
588 727 629 809 (v.
648 747 744 809 supra
759 747 792 810 p.
810 729 881 788 xlx
903 747 936 789 n.
954 727 993 788 444
1002 724 1044 808 4),
1077 727 1185 789 Latina
1206 726 1305 788 nulla.
1352 726 1471 788 Omnes
1493 736 1526 789 et
1547 726 1673 792 modulo

385 896 389 904 ,
434 841 466 895 04
487 832 585 894 lorma
608 830 659 909 iis,
685 848 767 911 quae
788 829 823 890 in
838 828 968 892 Graecia
984 837 1016 890 et
1030 828 1104 890 Asia
1119 828 1238 890 44440000
1254 829 1390 910 reperiri
1404 829 1521 908 solent,
1547 829 1676 892 similli-

433 953 502 996 mae
531 937 615 1013 sunt,
641 929 825 1012 Latinisque
856 929 1005 994 omnibus
1035 928 1121 993 baud
1153 930 1250 994 dubie
1272 932 1372 994 multo
1402 931 1608 1012 antiquiores.
1634 965 1678 980 -·

434 1037 588 1099 Vittorius
609 1043 774 1115 praeterea
805 1032 952 1114 glandem
982 1053 1030 1096 nn
1059 1033 1242 1114 inscriptam
1270 1053 1299 1096 a.
1327 1033 1407 1095 4883
1439 1035 1556 1096 eximia
1585 1032 1678 1097 beni-

434 1139 574 1201 volentia
595 1135 674 1200 mibi
697 1135 780 1198 dono
802 1137 900 1198 misit.
953 1135 1072 1198 Eadem
1094 1135 1332 1215 videturesse,
1367 1155 1464 1217 quam
1486 1155 1569 1199 anno
1593 1137 1674 1198 4664

435 1239 523 1322 apud
545 1241 652 1320 ipsum
674 1238 776 1300 obiter
797 1239 1010 1320 inspexeram.

358 1346 409 1406 42.
438 1343 570 1406 costel
597 1341 627 1404 d'
656 1336 764 1403 Asso.
810 1340 900 1403 Nelio
925 1339 1114 1422 coatrososso
1144 1339 1316 1402 0404000404
1344 1335 1471 1403 dAsso
1494 1359 1510 1402 0
1531 1339 1600 1404 0044
1628 1343 1679 1404 40-

436 1453 521 1509 terno
551 1443 600 1507 del
629 1442 752 1507 castello
780 1442 814 1505 di
840 1442 920 1506 detto
948 1444 1021 1506 cittd
1049 1443 1255 1505 oitimcmente
1283 1443 1313 1504 si
1340 1459 1412 1504 sono
1442 1449 1561 1505 trovato
1590 1445 1679 1508 molta

436 1545 568 1631 gitanda
590 1545 702 1608 missili
723 1545 860 1607 40000040
882 1545 916 1606 in
937 1545 1063 1628 crqillo.
1106 1545 1185 1606 Sooo
1207 1562 1250 1605 00
1269 1561 1309 1624 00
1328 1543 1386 1625 pet
1399 1544 1516 1628 prandi
1536 1546 1571 1608 di
1583 1547 1680 1629 quelle

433 1651 535 1732 040000
562 1649 729 1712 0000004040
758 1647 896 1710 40000040
923 1647 956 1708 io
974 1645 1103 1728 piombo.
1149 1645 1299 1728 L'orpilio
1325 1645 1356 1706 o'
1379 1648 1394 1707 4
1422 1645 1517 1710 d'uoo
1538 1647 1680 1713 04000000

440 1750 658 1834 sooprendeote
680 1750 717 1812 G.
736 1751 928 1811 4400000000)
949 1749 1033 1812 euti.
1059 1749 1129 1811 deil'
1151 1749 1228 1810 4004.
1256 1746 1337 1808 4873
1361 1767 1393 1829 p.
1414 1748 1474 1810 469
1491 1768 1539 1830 sq.
1565 1785 1609 1797 -
1631 1751 1678 1815 Gi.

439 1871 554 1936 supra:
582 1853 715 1916 Oroieto.

363 1977 414 2038 43.
440 1975 539 2055 Ρο000
568 1972 756 2036 Velitras.
803 1970 962 2050 Bonanni,
994 1987 1141 2031 museum
1170 1969 1410 2032 lliroberianum
1442 1969 1523 2032 4769
1547 1991 1579 2052 p.
1598 1971 1678 2034 207:

439 2075 666 2156 «fragmentum
689 2070 814 2154 plumbi
837 2072 870 2134 in
892 2090 966 2152 agro
987 2071 1157 2134 velitrensi
1179 2080 1356 2152 repertum,
1384 2071 1417 2132 in
1439 2070 1570 2134 formam
1592 2075 1683 2155 glan·

441 2177 506 2240 adis
536 2173 783 2254 conformatum,
816 2192 878 2236 non
902 2172 1032 2254 quidem
1062 2182 1232 2254 enatura,
1266 2192 1326 2237 nec
1355 2172 1396 2234 ab
1418 2183 1485 2234 arte
1507 2175 1680 2257 hominum,

441 2277 515 2341 osed
538 2298 556 2342 a
578 2276 723 2352 eoelesti;
754 2295 772 2337 e
795 2276 880 2338 coelo
909 2279 994 2338 enim
1017 2275 1132 2339 cecidit
1153 2275 1216 2338 sub
1238 2294 1320 2338 anno
1343 2275 1424 2351 696,
1457 2274 1584 2356 quando
1606 2277 1684 2342 urbs

442 2379 643 2442 «velitrensis
660 2377 819 2458 (relatione
834 2379 976 2441 Buoelini
991 2380 1024 2440 40
1039 2379 1212 2458 Menologic
1227 2376 1391 2440 Benediot.
1420 2376 1451 2460 [7
1467 2377 1554 2460 Dec,
1573 2400 1606 2461 p.
1621 2381 1678 2443 834

443 2481 511 2544 ced.
531 2478 638 2561 tosti)
661 2480 750 2560 gravi
773 2478 937 2542 obsidione
959 2481 1000 2543 ab
1023 2480 1169 2544 hostibus
1189 2479 1406 2560 premebatur,
1432 2481 1627 2545 orationibus
1649 2485 1681 2546 S.

439 2581 587 2647 «Gerardi
614 2573 691 2664 [‘qui
713 2589 745 2643 et
767 2581 920 2644 Girardus
942 2591 975 2646 et
996 2573 1162 2663 Giraldus]
1188 2583 1258 2644 0400
1280 2583 1421 2662 episcopi
1444 2581 1577 2645 liberata
1604 2583 1682 2649 tuit:

441 2705 529 2749 ccum
552 2683 736 2766 plumbeam
757 2701 855 2764 00000
876 2703 930 2747 000
953 2684 1141 2766 grandinem
1164 2683 1249 2746 coelo
1272 2682 1469 2746 deduxisset.
1516 2686 1589 2748 'lale
1610 2705 1687 2767 000-

444 2787 581 2869 «digium
604 2784 702 2847 004004
716 2785 812 2847 etiam
826 2785 978 2865 ngellus
999 2789 1033 2848 in
1048 2787 1138 2849 440440
1154 2787 1248 2848 Sacra
1263 2793 1337 2848 tom.
1358 2787 1370 2846 l
1396 2785 1440 2867 [p.
1460 2787 1498 2847 44
1517 2786 1568 2849 ed.
1588 2787 1682 2870 4747]

442 2892 492 2952 «in
522 2889 629 2970 Episc.
663 2887 772 2949 Velitr.
804 2888 854 2950 his
884 2887 1009 2950 verbis:
1046 2878 1134 2968 ‘llic'‚
1166 2886 1199 2950 id
1228 2897 1276 2950 est
1305 2886 1481 2968 Gerendus,
1516 2878 1600 2951 ‘oum
1630 2891 1689 2952 ali-

445 2989 586 3072 cquando
607 2989 742 3054 Velitras
765 2989 885 3050 inimici
908 2990 1083 3052 cinxissent
1105 3009 1233 3070 corona,
1260 2990 1328 3053 0040
1350 2989 1501 3072 00004600
1523 2991 1688 3055 obsidione

445 3093 566 3172 «solvit,
599 3110 671 3166 cum
700 3092 792 3173 prius
814 3091 996 3172 plumbeam
1019 3092 1206 3173 grandinem
1228 3109 1321 3154 orans
1344 3110 1361 3152 e
1385 3093 1470 3154 coelo
1497 3095 1689 3157 excussisset

445 3197 494 3257 ain
527 3184 655 3258 hostes?
714 3191 812 3256 Addit
845 3191 1020 3277 (Antonius)
1058 3195 1264 3258 llanoinellus
1292 3191 1348 3255 lib.
1378 3194 1397 3254 6
1432 3213 1529 3256 serm.
1568 3195 1630 3277 [444.
1655 3196 1686 3277 b,

446 3296 515 3360 olol.
533 3297 673 3358 xxxtllr
698 3293 749 3358 ed.
778 3295 892 3376 ibll]:
926 3287 1073 3377 ‘Legistis
1096 3298 1181 3359 enim
1204 3296 1274 3358 0400
1300 3294 1377 3375 [divi
1400 3295 1527 3378 Gyraldi
1550 3299 1691 3380 episcopi

446 3397 623 3479 «Veliterni]
650 3398 876 3476 imprecatione
905 3397 1043 3460 bostium
1068 3397 1220 3478 plurimos
1242 3396 1392 3478 plumbea
1423 3399 1578 3479 grandine
1601 3401 1691 3480 glan-

446 3501 551 3563 cdium
567 3498 699 3562 formam
720 3498 876 3560 referente
899 3497 971 3580 (quo
993 3499 1111 3578 passim
1133 3501 1165 3561 in
1181 3518 1256 3580 agro
1279 3497 1383 3561 adbuc
1398 3499 1537 3582 videtur)
1557 3520 1691 3582 oppres-

447 3593 536 3665 «sos.³
578 3601 680 3663 liuius
710 3601 836 3680 generis
859 3599 990 3680 glandes
1013 3599 1182 3681 plumbeae
1213 3600 1434 3664 custodiuntur
1462 3601 1503 3664 ab
1531 3602 1692 3684 aliquibus

448 3715 614 3784 «tanquam
644 3701 779 3784 insignis
808 3700 952 3764 miraculi
982 3711 1210 3764 monumenta».
1257 3703 1341 3764 llaec
1370 3705 1550 3768 Bonannius
1573 3714 1690 3768 narrat.

448 3841 492 3853 -
505 3803 687 3868 Alexander
700 3803 813 3884 Borgia
828 3803 937 3865 istorio
951 3802 985 3864 di
1004 3803 1125 3866 Veiietri
1150 3803 1277 3886 [Nocere
1294 3803 1387 3887 4723)
1413 3825 1445 3885 p.
1465 3806 1527 3866 326
1550 3805 1693 3870 eiusdem

449 3908 489 3971 de
511 3925 621 3988 pugna
648 3904 690 3987 (in
709 3905 789 3967 60440
810 3904 885 3968 dolii
904 3905 1038 3968 Brittoci
1058 3907 1142 3968 inter
1161 3904 1355 3969 Velitrenses
1377 3916 1409 3970 et
1431 3908 1586 3972 Brittones
1608 3927 1695 3971 com-

450 4007 557 4089 missa)
585 4015 617 4068 et
638 4005 792 4089 grandine
815 4005 965 4087 plumbea
987 4005 1088 4069 lamae
1114 4007 1259 4070 meminit
1283 4007 1422 4071 addens:
1450 4011 1490 4071 Le
1511 4009 1642 4092 04400040
1663 4009 1697 4073 di

447 4109 576 4194 pientio,
602 4108 655 4172 cite
676 4110 709 4170 40
724 4115 811 4170 tonte
825 4109 912 4188 copia
933 4109 963 4170 si
983 4115 1111 4170 trovono
1133 4109 1184 4170 004
1197 4116 1301 4172 nostro
1319 4112 1484 4193 territorio,
1509 4112 1696 4192 particolar-

451 4219 547 4276 meotc
568 4213 602 4274 in
616 4209 718 4294 000440
735 4217 827 4292 porte
841 4227 894 4271 000
916 4211 932 4270 4
950 4208 1038 4290 samo
1060 4210 1112 4272 04ιο
1126 4212 1261 4293 sapuisse
1276 4211 1308 4273 40
1323 4210 1469 4297 bottopiio
1491 4215 1538 4275 coi
1549 4214 1693 4292 Brittoni,

451 4333 524 4380 sono
546 4313 602 4376 600
625 4312 747 4375 diverse
761 4311 803 4374 do
816 4311 913 4393 000440
927 4311 979 4374 elie
1000 4313 1031 4374 si
1049 4329 1146 4374 00000
1169 4331 1190 4374 0
1211 4313 1293 4374 tircr
1307 4315 1372 4377 coii’
1395 4333 1467 4378 orco
1483 4333 1499 4377 0
1517 4315 1591 4378 00440
1613 4315 1697 4378 6040-

451 4426 526 4500 0400,
541 4416 653 4499 000044
668 4415 763 4498 quelle
783 4433 877 4476 00000
899 4421 1118 4476 0000000040
1140 4413 1228 4476 tonde
1249 4414 1399 4496 dicrota,
1424 4436 1440 4479 0
1462 4423 1564 4500 queste
1578 4435 1650 4480 0000
1665 4417 1698 4478 in

454 4539 532 4584 0000
557 4519 661 4600 [ormo
683 4517 717 4580 di
736 4515 884 4600 04400040,
909 4534 1007 4577 0000
1029 4513 1064 4576 di
1090 4522 1190 4596 creto,
1226 4534 1278 4577 mo
1300 4517 1333 4580 di
1350 4518 1481 4600 piontbo.
1506 4553 1548 4564 —
1578 4519 1698 4600 Super-

455 4623 540 4686 stitio
568 4622 625 4683 illa
655 4617 731 4682 inde
753 4616 883 4680 videtur
904 4627 978 4679 nata
1000 4635 1086 4696 esse,
1120 4617 1205 4698 quod
1227 4637 1338 4700 magna
1368 4621 1399 4680 vi
1423 4619 1576 4685 imbrium
1599 4621 1698 4684 044000

455 4722 588 4806 glandes
610 4723 644 4784 in
667 4721 751 4802 agris
781 4718 937 4782 denudari
961 4727 1033 4782 eta
1062 4719 1190 4781 rusticis
1219 4721 1355 4802 reperiri
1384 4723 1504 4800 solent;
1542 4723 1583 4785 el.
1616 4741 1698 4804 quae

454 4847 487 4908 p.
505 4825 575 4886 XXI
591 4825 690 4886 relata
705 4831 782 4886 sunt
796 4820 836 4884 de
851 4823 1017 4902 liugnano.
1035 4853 1079 4865 -
1093 4819 1188 4884 Glans
1215 4819 1288 4904 [000
1308 4823 1483 4906 inscripta),
1510 4841 1605 4904 quam
1628 4842 1701 4887 mu-

385 4939 389 4944 ·
455 4945 546 4991 soum
575 4922 832 5006 llircherianumff
845 4922 886 4986 ab
915 4919 1097 4985 Alexandro
1119 4923 1231 5005 Borgia
1255 4914 1365 4988 ‘nobili
1393 4927 1575 5006 Velitrensi‚
1609 4924 1701 4989 modo

455 5029 566 5094 Nuntii
595 5029 684 5090 Pont.
715 5023 867 5088 Auditore
896 5025 1042 5090 Coloniae
1072 5015 1276 5107 Agrippinae’
1307 5030 1430 5109 aceepit
1459 5038 1491 5090 et
1520 5027 1702 5090 Bonannius

456 5142 479 5196 t.
496 5131 585 5194 LXVI
610 5130 649 5192 42
672 5126 813 5207 exhibet,
839 5127 970 5190 tortasse
992 5147 1090 5209 prope
1111 5129 1249 5193 Velitras
1271 5139 1397 5210 reperta
1419 5138 1479 5192 est.

381 5237 451 5298 430.
481 5233 536 5316 [De
558 5231 704 5295 Labioo
727 5249 758 5292 v.
785 5228 825 5291 ad
849 5249 880 5292 n.
907 5231 937 5308 6,
955 5229 1009 5311 ro]
