3772 5992
638 559 1017 611 emunxeraavsrnxn.
1452 540 1498 612 53

155 771 240 810 areas
262 760 419 825 quaternas
442 769 509 810 cum
531 753 651 812 totidem
673 754 851 826 marginibus
873 753 991 822 habent,
1026 755 1108 808 cuius
1130 754 1221 809 torma
1244 754 1320 808 inter
1341 751 1501 808 Asculanas

91 887 92 890 ¹
155 873 214 914 noo
237 863 329 914 exstat
351 860 406 914 nisi
428 871 487 913 uno
511 857 643 929 exemplo
670 849 709 932 (u.
733 851 797 934 to).

105 946 106 950 ¹
243 962 449 1032 inscriptiones
476 962 506 1016 in
533 961 678 1017 Perusinis
707 977 825 1032 quoque
854 963 893 1016 ita
922 959 1015 1016 iactae
1044 965 1127 1026 sunt,
1160 965 1192 1014 ut
1221 959 1333 1015 litterae
1356 961 1385 1014 in
1408 959 1500 1014 torma

156 1061 385 1120 inscriberentur
406 1065 539 1120 inversae
558 1057 646 1139 (unde
662 1069 788 1120 erratum
805 1069 849 1120 est
864 1063 915 1119 sed
939 1076 1015 1129 raro,
1042 1079 1089 1119 cx.
1106 1077 1151 1132 gr.
1168 1065 1205 1120 88
1230 1079 1258 1116 v.
1277 1067 1292 1118 3
1311 1055 1337 1138 a)
1357 1063 1386 1117 in
1409 1077 1502 1133 eaque

156 1181 214 1222 una
237 1167 438 1239 cumglande
466 1168 529 1238 ipsa
556 1167 757 1224 funderentur.
805 1166 973 1224 Seduni
998 1165 1161 1236 scariphata
1188 1171 1232 1222 est
1260 1167 1290 1222 in
1319 1165 1422 1237 glande
1445 1167 1502 1220 iam

157 1269 219 1324 insa
244 1276 273 1325 et
295 1270 397 1326 litteris
420 1269 538 1341 quidem
562 1273 685 1326 cursivis
707 1273 738 1326 in
760 1273 835 1326 areis
858 1269 892 1324 ad
917 1269 972 1325 hoc
994 1270 1077 1325 lactis
1100 1268 1289 1339 eiusdemque
1312 1268 1391 1326 haud
1414 1267 1502 1324 dubie

156 1373 272 1442 generis
296 1371 348 1428 luit
370 1388 399 1428 n.
422 1375 472 1429 65.
519 1373 643 1428 Litterae
666 1375 772 1428 incisae
794 1372 842 1428 vel
866 1372 946 1428 caelo
968 1373 1087 1428 incusae
1109 1377 1177 1426 sunt
1198 1371 1310 1442 glandis
1332 1389 1362 1428 n.
1384 1376 1435 1429 88.
1460 1401 1503 1411 —

157 1473 327 1545 Complures
342 1477 546 1546 inscriptiones
560 1490 665 1531 versus
680 1479 718 1531 ita
734 1474 888 1546 dispositos
904 1474 1053 1541 exhibent,
1078 1480 1110 1530 ut
1126 1461 1349 1552 βουστροφηδὸν
1365 1473 1504 1545 legendae

157 1576 227 1632 sint:
257 1581 308 1634 53.
329 1582 379 1635 56.
400 1581 450 1635 58.
472 1583 523 1635 60.
549 1582 599 1634 03.
621 1583 657 1637 88
683 1580 773 1633 ternis
795 1579 1004 1650 quaternisque
1027 1576 1160 1633 versibus
1183 1583 1213 1633 et
1233 1577 1354 1632 tortasse
1378 1581 1429 1634 53.
1450 1581 1502 1634 75.

160 1683 199 1736 85
224 1678 300 1736 binis
322 1679 458 1737 versibus
482 1698 528 1736 vv.
555 1685 699 1737 exaratae.

246 1783 310 1840 Non
340 1800 451 1856 paucae
479 1785 577 1841 insunt
599 1786 628 1840 iu
652 1785 798 1840 Perusinis
827 1783 981 1856 glandibus
1004 1784 1207 1854 inscriptiones
1229 1788 1287 1839 tam
1310 1783 1441 1851 detritae,
1473 1789 1505 1838 ut

159 1888 214 1941 uisi
237 1886 300 1942 aliis
316 1887 532 1957 exemplaribus
553 1890 677 1959 repertis
695 1887 731 1943 de
754 1893 832 1944 certa
855 1888 979 1944 lectione
1002 1887 1063 1943 lere
1079 1886 1294 1956 desperandum
1316 1901 1380 1942 esse
1403 1885 1506 1941 videa-

159 1995 217 2044 tur.
264 1991 297 2045 ln
319 1991 354 2046 iis
376 1993 414 2046 ita
438 1997 570 2046 versatus
592 2007 672 2059 sum,
698 1998 731 2047 ut
752 2006 803 2047 eos
825 1995 952 2058 tractus,
986 2005 1061 2060 quos
1084 1989 1245 2061 qualesque
1268 1989 1337 2045 mihi
1360 1990 1505 2046 detexisse

159 2092 240 2148 visus
261 2107 337 2160 sum,
364 2094 441 2150 sicut
463 2094 543 2164 potui
566 2096 755 2165 transcriptos
778 2099 1047 2165 repraesentarem,
1081 2107 1257 2164 quamquam
1280 2097 1506 2148 cousentaneum

161 2200 221 2262 est,
255 2195 397 2254 eiusmodi
427 2197 547 2267 vestigia
569 2196 729 2252 litterarum
759 2196 894 2266 fugientia
926 2195 1109 2266 fortuitisque
1131 2195 1255 2251 maculis
1278 2197 1364 2250 etiam
1387 2195 1507 2252 contusa

160 2304 189 2354 et
218 2297 372 2355 obscurata
402 2313 459 2355 non
488 2313 575 2368 posse
604 2300 672 2354 satis
701 2305 780 2355 recte
804 2299 898 2369 excipi
920 2300 976 2353 uisi
998 2305 1065 2368 post
1086 2298 1307 2368 explicationem
1329 2313 1428 2354 veram
1450 2297 1507 2352 ali-

160 2407 303 2472 quatenus
326 2402 429 2457 saltem
451 2403 610 2457 inventam.
658 2401 849 2474 Photographi
879 2408 940 2458 arte
970 2403 999 2456 in
1015 2400 1073 2456 ·his
1101 2400 1316 2472 exemplaribus
1346 2401 1407 2456 iere
1436 2400 1507 2456 nihil

148 2503 321 2580 proficitur,
348 2521 415 2560 nam
437 2506 531 2577 imago
548 2511 580 2560 ut
603 2507 799 2576 inscriptionis
814 2521 917 2576 parurn
933 2507 972 2561 ita
994 2505 1176 2561 fortuitarum
1192 2504 1371 2560 macularum
1386 2506 1508 2560 nimium

160 2613 375 2678 repraesentat;
403 2606 440 2663 ah
457 2609 569 2680 ectypis
591 2615 686 2665 autern
710 2607 849 2664 iaciendis
871 2611 902 2663 in
924 2623 1026 2665 corum
1048 2607 1197 2679 plerisque
1212 2606 1376 2663 cavendnm
1391 2613 1445 2676 est,
1471 2624 1509 2664 ue

161 2709 279 2781 robigo,
311 2725 387 2782 quae
410 2711 554 2780 excrevit,
588 2710 673 2766 valde
697 2710 817 2767 friabilis
839 2710 971 2767 laedatur
993 2711 1213 2782 litterarumque
1242 2711 1400 2780 fragmenta
1414 2685 1510 2766 'etiam

162 2813 253 2883 magis
276 2811 500 2881 perturbentur:
541 2814 569 2868 id
593 2813 673 2884 quod
695 2813 803 2870 iactum
820 2829 885 2868 esse
901 2813 959 2868 vidi
983 2815 1012 2868 iu
1028 2813 1173 2870 nonnullis
1195 2812 1358 2884 glandibus,
1385 2828 1510 2885 quarum

163 2916 193 2970 iu
215 2915 308 2972 musei
331 2913 428 2972 Sancti
451 2915 587 2972 Germani
614 2931 700 2972 nsum
729 2917 825 2971 minus
848 2921 931 2971 caute
961 2923 1064 2986 ectypa
1093 2915 1214 2972 formata
1245 2931 1310 2972 esse
1333 2916 1441 2972 audivi.
1467 2945 1512 2955 -

163 3017 243 3086 Quae
266 3019 398 3088 quamvis
429 3020 467 3073 ita
497 3019 569 3091 sint,
600 3021 712 3088 sperari
735 3020 804 3074 licet
826 3019 904 3086 iore,
939 3023 971 3072 ut
992 3017 1072 3085 aliia,
1106 3019 1156 3089 qui
1186 3019 1295 3074 diutius
1318 3019 1452 3074 Perusiae
1481 3021 1510 3074 in

162 3121 237 3177 hanc
266 3136 386 3194 operam
416 3118 588 3176 incumbere
618 3127 769 3192 poterunt,
803 3120 944 3190 quasdam
974 3119 1077 3176 harum
1106 3122 1325 3192 inscriptionum
1355 3121 1459 3178 melius
1482 3129 1509 3176 et

164 3224 278 3294 plenius
301 3224 400 3294 legere
423 3225 580 3295 contingat.

250 3327 451 3396 interpretatio
467 3325 622 3382 mrdtarum
638 3326 747 3382 incerta
769 3325 942 3396 relinquitur
963 3339 1018 3380 nec
1033 3323 1126 3380 solum
1142 3325 1312 3382 detritarum
1329 3327 1374 3382 vel
1394 3329 1511 3384 mutila-

164 3445 240 3497 rum,
267 3427 319 3484 sed
342 3431 428 3484 etiam
451 3430 638 3498 integrarum,
667 3428 703 3483 de
718 3442 842 3497 quarum
865 3428 989 3483 lectione
1011 3432 1132 3496 constat,
1159 3429 1282 3486 maxime
1301 3434 1350 3486 85.
1372 3434 1507 3488 85-88.

165 3531 289 3603 Agnosci
313 3537 410 3587 tamen
431 3537 555 3602 possunt
576 3530 649 3587 haec
672 3530 735 3586 tere
757 3545 882 3599 genera:

169 3663 194 3744 1)
229 3669 384 3738 inscriptus
400 3670 495 3737 estis,
514 3670 598 3724 cuius
613 3670 693 3723 iussu
708 3667 789 3736 glans
804 3667 879 3722 iacta
896 3675 956 3722 est:
987 3667 1092 3723 Caesar
1106 3669 1177 3739 imp.
1195 3673 1245 3736 63,
1265 3669 1355 3725 llutos
1369 3671 1440 3740 imp.
1459 3676 1509 3738 08,

230 3771 365 3826 tribunus
384 3769 506 3826 militum
522 3771 667 3841 adscripta
689 3770 802 3841 legione
820 3773 870 3836 76,
897 3769 1060 3840 primipilus
1083 3770 1197 3840 legione
1213 3772 1259 3826 vel
1281 3771 1425 3844 adscripta
1448 3771 1509 3849 (60.

232 3877 282 3930 72.
311 3877 363 3928 73.
389 3874 448 3928 787
472 3869 523 3948 70)
547 3874 594 3929 vel
617 3874 723 3930 omissa
743 3865 821 3947 (71).
865 3871 910 3927 hd
933 3871 1011 3927 idem
1033 3887 1125 3942 genus
1153 3872 1274 3929 tortasse
1297 3875 1444 3945 pertinent
1474 3882 1511 3934 70

233 3976 324 4032 1811.
345 3974 394 4032 Oc.
414 3976 468 4048 leq.
488 3978 555 4043 1111,
585 3979 622 4033 82
647 3977 680 4030 L.
699 3977 779 4031 Rusti
802 3973 901 4047 Optuti
925 3993 943 4030 o
965 3991 1033 4042 m..,
1062 3980 1098 4032 83
1125 3975 1159 4029 D.
1181 3975 1249 4032 Tud.
1269 3977 1319 4034 Po.

168 4079 196 4162 2)
228 4087 313 4158 legio,
341 4090 424 4144 cuius
448 4094 529 4144 erant
552 4087 729 4144 funditores:
773 4087 871 4142 1.Χ11
893 4091 943 4152 81,
971 4087 991 4141 l.
1010 4087 1069 4141 Xll
1088 4089 1195 4143 victrice
1219 4093 1267 4158 80,
1296 4089 1317 4144 l.
1336 4091 1392 4160 XI;
1419 4093 1514 4147 divom

231 4189 337 4245 lulium
362 4193 401 4246 77
426 4196 455 4246 81
478 4191 497 4246 1.
516 4191 574 4260 Xl‚·
601 4191 660 4245 dio.
679 4190 735 4244 lul.
756 4193 807 4262 78,
834 4191 854 4244 i.
874 4206 899 4245 e.
920 4189 1016 4246 divom
1039 4189 1142 4246 lulium
1164 4192 1340 4247 ulciscamur
1362 4192 1409 4248 vel
1432 4195 1516 4249 simi-

234 4293 315 4360 liter,
348 4293 425 4364 quod
457 4293 578 4350 tortasse
601 4309 615 4347 a
639 4290 779 4348 militibus
806 4299 872 4363 post
898 4292 1030 4348 Caesaris
1053 4307 1155 4348 necem
1178 4293 1368 4350 exclamatum
1392 4297 1516 4352 nominis

232 4395 384 4451 honorifici
407 4395 498 4451 instar
519 4393 650 4450 additum
673 4401 725 4451 est.
774 4395 924 4465 Nusquam
952 4394 1130 4451 funditorum
1158 4393 1262 4451 cohors
1290 4391 1414 4470 (Caesar.
1434 4397 1465 4454 b.
1485 4416 1511 4455 c.

234 4503 263 4566 3,
286 4501 301 4554 8
327 4489 389 4573 03)
416 4502 466 4553 aut
488 4497 533 4552 ala
560 4491 664 4572 (Valet.
684 4499 758 4554 hlax.
778 4503 807 4570 2,
829 4501 845 4553 7
870 4489 934 4573 §til
962 4498 1099 4567 inscripta
1123 4501 1178 4552 cst.

171 4603 198 4684 3)
233 4609 454 4667 acclamationes
471 4615 499 4665 et
521 4611 744 4678 imprecationes
767 4611 832 4666 ioco
856 4609 969 4664 militari
986 4610 1093 4666 iactae:
1135 4610 1169 4664 L.
1184 4609 1288 4666 Antoni
1302 4611 1391 4682 coloe,
1416 4615 1517 4685 peristi

235 4713 264 4768 C.
285 4713 415 4768 Caesaris
436 4714 560 4768 victoria
585 4716 634 4778 05,
660 4711 727 4766 alia.

255 4867 396 4938 Legiones
413 4871 610 4924 memorantur
625 4864 696 4922 hae:
732 4867 854 4921 111100.
875 4868 924 4933 70,
948 4865 1049 4921 1778.
1068 4865 1118 4932 73,
1142 4857 1208 4942 (Vll
1219 4861 1303 4942 iii),
1321 4867 1513 4938 Χ170-78,

168 4969 227 5024 ΧΙΙ
249 4975 282 5025 81
312 4970 475 5040 eademque
498 4971 604 5024 uictrice
630 4968 773 5040 appellata
799 4972 849 5024 80.
898 4967 1037 5022 Fulminis
1065 4969 1176 5039 insigne
1207 4970 1347 5042 exemplis
1375 4970 1440 5026 Xlll
1468 4989 1519 5029 re-

169 5079 384 5142 praesentatum
416 5079 460 5128 est
488 5065 526 5146 (n.
555 5074 611 5128 108
644 5072 706 5126 sine
737 5063 949 5143 inscriptione),
984 5085 1107 5141 quorum
1138 5089 1204 5128 cum
1235 5079 1285 5130 63.
1314 5079 1450 5132 65-68.
1478 5080 1516 5132 77

169 5173 407 5232 Caesarianorum
430 5191 497 5232 esse
518 5181 639 5242 constet,
668 5175 745 5230 idem
760 5173 951 5244 probabiliter
966 5179 1108 5230 statuetur
1127 5175 1164 5232 de
1186 5179 1303 5233 ceteris.
1351 5177 1520 5233 Antonianis

171 5276 260 5334 tribui
291 5287 371 5338 certo
401 5284 523 5352 possunt
554 5277 673 5349 glandes
699 5281 749 5335 58.
777 5281 826 5334 53.
856 5283 908 5335 58.
937 5281 986 5332 61.
1011 5280 1064 5346 08;
1098 5279 1182 5351 longe
1212 5281 1310 5352 plures
1340 5281 1520 5337 Caesarianis
