3706 5976
347 571 439 622 xvm
911 559 1112 614 amasam.

349 739 455 804 denda
485 743 534 798 est
559 727 742 817 Ἀρτέμιδος,
780 749 875 811 wem
904 749 1048 793 mancam
1076 729 1173 794 fuisse
1202 733 1402 794 coniecerim.
1456 735 1491 795 ln
1521 735 1572 797 his
1593 736 1691 817 igitur

352 844 489 904 Deorum
512 836 638 900 nomina
661 833 811 914 inscripta
834 841 925 916 sunt,
951 853 1023 896 cum
1045 836 1078 894 in
1105 834 1223 896 Latinis
1244 833 1414 914 glandibus
1436 836 1578 899 numinis
1599 855 1692 899 men-

349 946 393 1008 tio
419 945 549 1002 inventa
578 940 619 1000 sit
647 937 736 1000 nulla
770 935 820 1018 (ol.
844 935 885 998 ad
914 954 945 997 n.
971 932 1055 1016 43Ἷ.
1085 971 1129 981 -
1156 937 1300 1017 Denique
1333 937 1471 1018 insignia
1504 939 1537 999 in
1562 941 1689 1003 Graecis

349 1063 476 1129 quoque
498 1039 668 1125 glandibus
690 1045 928 1120 repraesentata
943 1045 1018 1098 sunt
1041 1045 1104 1100 tam
1119 1036 1268 1100 adiuncta
1291 1040 1497 1119 inscriptione
1512 1059 1608 1120 mam
1623 1044 1689 1106 sola

347 1149 460 1233 posita,
480 1143 537 1206 sed
552 1143 671 1204 maiore
688 1141 855 1218 varietate;
872 1140 1093 1201 ‘inveniuntur
1107 1139 1193 1200 enim
1209 1157 1322 1220 equus,
1342 1139 1527 1222 bueranion,
1553 1146 1686 1225 scorpio,

348 1267 497 1332 serpens,
528 1245 629 1323 stella,
663 1242 794 1322 fulmen,
820 1241 951 1319 tridens,
980 1241 1080 1318 clava,
1112 1242 1219 1321 pugio,
1251 1241 1440 1322 bipennium
1462 1243 1549 1324 trias,
1582 1246 1690 1309 bastae

348 1353 456 1434 cuspis
482 1348 565 1432 (lolio
588 1345 725 1428 similis),
752 1343 959 1424 agricolarum
982 1342 1069 1404 lucca
1096 1341 1189 1422 (siout
1211 1342 1245 1404 in
1267 1363 1395 1406 nummo
1417 1346 1596 1428 Metaponti)
1607 1347 1644 1430 ¹).

777 1803 1006 1876 ELENCHVS
1040 1802 1258 1874 LOCORVM.

435 2000 565 2072 Locum,
602 1991 658 2054 ubi
682 1965 813 2071 glandes
842 1997 987 2068 repertae
1009 1988 1092 2066 sint,
1129 1986 1262 2050 delinire
1286 1989 1414 2050 maximi
1444 2008 1514 2052 esse
1541 1994 1691 2054 momenti

349 2099 553 2164 manifestum
575 2103 640 2174 est,
674 2095 781 2172 itaque
804 2089 844 2152 de
867 2090 926 2153 bac
949 2108 983 2151 rc
1011 2099 1155 2151 accurate
1184 2090 1338 2170 inquisivi
1361 2099 1497 2171 atquae
1520 2094 1592 2154 sciri
1616 2111 1692 2174 pos·

348 2205 414 2268 sint
435 2198 594 2262 adnotavi.
646 2195 748 2274 Saepe
776 2201 883 2254 autem
912 2192 1128 2254 testimonium
1158 2193 1252 2272 plane
1278 2191 1402 2270 deficit,
1440 2211 1490 2256 ex.
1516 2177 1570 2274 gr.
1591 2196 1691 2258 musci

349 2300 547 2366 Kircberiani
569 2298 644 2360 olim
667 2303 828 2358 curatores
843 2294 1034 2374 plerumque
1056 2313 1096 2356 ne
1118 2294 1176 2355 hoc
1191 2293 1321 2374 quidem
1337 2293 1580 2375 adnotaverunt,
1604 2295 1691 2360 unde

349 2402 547 2485 accepissent
569 2397 729 2480 glandem.
776 2397 811 2458 ln
834 2396 874 2458 iis
897 2397 1076 2458 coniectura
1105 2394 1248 2457 facienda
1271 2405 1319 2458 est
1341 2415 1381 2458 ex
1403 2396 1620 2478 inscriptione,
1653 2417 1694 2460 ex

349 2503 473 2588 plumbi
502 2513 557 2566 aut
586 2502 763 2562 litterarum
791 2497 906 2580 iorma,
942 2496 1082 2577 denique
1113 2516 1153 2560 ex
1181 2498 1376 2578 reliquarum
1411 2497 1556 2560 eiusdem
1589 2503 1691 2563 musei

348 2605 510 2690 glandium
532 2603 667 2684 origine;
700 2620 741 2663 ex
771 2618 819 2680 gr.
851 2600 954 2661 musei
977 2599 1211 2679 Santangcliani
1238 2618 1347 2662 omnes
1369 2597 1556 2678 Asculanas,
1590 2605 1691 2665 musei

348 2707 493 2772 Perusini
508 2725 574 2770 una
593 2713 726 2785 excepta
741 2721 851 2764 omnes
874 2703 1040 2763 Perusinas
1055 2719 1125 2762 esse
1140 2701 1208 2762 veri
1228 2712 1276 2763 est
1291 2703 1499 2764 simillimum.
1517 2737 1561 2748 —
1575 2705 1690 2767 Verum

351 2814 446 2874 etiam
469 2809 524 2872 ubi
547 2806 728 2870 testimonia
743 2813 878 2882 exstem,
904 2803 1050 2864 cautione
1066 2821 1145 2882 opus
1162 2813 1210 2864 est
1232 2811 1264 2866 et
1280 2802 1466 2882 videndum,
1492 2823 1532 2867 ne
1548 2807 1575 2867 is
1592 2806 1688 2884 locus,

348 2913 406 2977 ubi
425 2918 531 2992 empta
553 2918 602 2972 est
616 2909 718 2990 glans,
744 2909 813 2988 ipsa
835 2906 904 2966 eius
927 2905 1013 2985 origo
1036 2923 1106 2966 esse
1129 2913 1268 2984 putetur,
1295 2923 1368 2965 nam
1391 2905 1545 2969 eiusmodi
1567 2907 1691 2970 reculae

349 3014 439 3077 facile
462 3015 525 3076 huc
546 3011 621 3073 illuc
643 3016 808 3091 portantur
835 3005 885 3087 (cl.
904 3026 956 3068 ex.
974 3025 1021 3086 gr.
1041 3007 1120 3084 640,
1144 3006 1181 3092 iil
1200 3027 1224 3070 o.
1243 3027 1274 3080 r,
1301 3008 1340 3067 66
1357 3007 1394 3089 a),
1422 3026 1503 3070 neve
1527 3007 1692 3073 fraudibus

347 3115 560 3196 decipiamur,
597 3108 854 3193 quandoquidem
890 3127 953 3170 non
982 3109 1084 3169 solnm
1113 3107 1232 3170 ialsarii
1264 3107 1322 3170 scd
1355 3109 1449 3171 etiam
1482 3111 1693 3190 genuinarum

347 3217 547 3294 venditores,
579 3223 616 3277 ut
637 3212 735 3276 merci
764 3211 903 3292 pretium
933 3220 1083 3291 augeant,
1117 3210 1271 3290 originem
1295 3210 1416 3290 fingere
1438 3211 1549 3274 solent.

434 3319 562 3382 Subieci
585 3317 752 3378 elenchum
777 3315 932 3390 locorum,
966 3312 1085 3392 quibus
1115 3311 1247 3391 glandes
1270 3313 1379 3372 Latine
1409 3312 1579 3393 inscriptas
1601 3334 1693 3378 acce-

351 3423 458 3503 pimus
480 3427 622 3500 repertas
645 3435 726 3494 esse,
752 3414 911 3477 adiunctis
934 3415 974 3475 iis
996 3413 1103 3475 ltaliae
1125 3411 1282 3493 partibus,
1308 3411 1394 3475 unde
1417 3414 1547 3493 glandes
1570 3418 1621 3478 vel
1644 3420 1696 3479 in-

349 3524 521 3604 scriptione
545 3525 691 3582 carentes
712 3517 764 3578 vel
787 3534 850 3578 non
873 3515 982 3576 Latine
1005 3515 1176 3594 inscriptae
1198 3523 1425 3595 pmvenerunt.

393 3626 422 3685 l.
447 3625 493 3686 De
515 3620 679 3698 Asculo,
712 3617 934 3698 Gorropcli,
971 3617 1171 3678 Tortor-eto
1199 3614 1273 3677 vide
1301 3616 1342 3678 ad
1365 3616 1497 3698 glandes
1518 3617 1692 3683 Asculanos

447 3746 481 3807 p.
500 3727 519 3785 3
534 3741 605 3804 sqq.
654 3719 746 3794 Quod
762 3719 802 3781 ad
821 3722 970 3782 Tortoreto
986 3719 1108 3796 attinet,
1135 3719 1166 3779 h.
1184 3715 1345 3780 beddure
1367 3717 1455 3798 libet,
1482 3738 1564 3800 quae
1579 3723 1695 3784 Nema-

449 3829 517 3890 sius
532 3825 636 3903 lticci,
662 3823 689 3885 lc
705 3821 851 3884 octiolttld
865 3821 934 3884 dcll'
950 3840 1025 3904 apro
1042 3821 1198 3882 Palmensc
1213 3839 1246 3899 p.
1266 3820 1305 3881 ti
1322 3833 1495 3883 memorat:
1522 3824 1646 3885 lotoroo
1662 3825 1694 3886 ol

446 3927 582 4010 pomerio
605 3925 687 3987 dello
713 3923 791 3986 citio
816 3923 950 4005 (Palmae
973 3923 1121 4002 Picenae,
1148 3940 1245 4002 quam
1268 3923 1301 3982 in
1324 3919 1416 3984 dorso
1438 3925 1569 4002 montis,
1595 3925 1694 3986 valles

448 4028 596 4090 Vibrstae
619 4035 651 4088 et
666 4025 809 4088 Salinelli
831 4025 1020 4105 separantis,
1040 4026 1233 4087 aTortoreto
1255 4022 1451 4086 occidentem
1466 4043 1579 4088 versus
1599 4027 1692 4089 sitam

449 4149 519 4194 esse
542 4127 674 4210 censet),
696 4127 950 4208 priocipolmcate
972 4125 1021 4188 sal
1047 4126 1120 4188 colle
1142 4143 1231 4188 verso
1252 4127 1398 4206 hecale,
1424 4127 1539 4189 coella
1556 4128 1693 4208 planura

448 4231 482 4294 di
496 4231 596 4312 liipoli
616 4249 632 4292 c
649 4231 863 4308 Gomotcrone,
887 4229 917 4289 si
937 4235 1102 4290 dovor-ooo
1125 4227 1213 4290 molta
1230 4226 1362 4310 glioode
1384 4228 1495 4290 missili
1512 4229 1547 4290 dt
1562 4229 1691 4310 piombo,

448 4333 485 4396 ed
508 4333 617 4396 alcone
639 4331 740 4393 loono
763 4331 781 4393 l'
806 4329 941 4412 epiprofc
963 4329 997 4391 di
1017 4348 1101 4403 arsa,
1127 4349 1173 4392 rra
1199 4326 1283 4412 [vide
1306 4347 1338 4392 n.
1366 4331 1428 4408 l,s
1458 4341 1489 4391 et
1512 4349 1545 4392 n.
1564 4333 1594 4410 6,
1613 4331 1652 4413 s].

391 4438 422 4500 2.
450 4435 615 4498 castello
638 4434 677 4497 di
699 4433 820 4496 Ocrio.
866 4433 943 4493 Eam
966 4431 1120 4512 originem
1143 4440 1282 4492 notatam
1304 4431 1367 4510 legi
1389 4431 1423 4493 in
1446 4429 1571 4495 duabus
1600 4435 1693 4514 glan-

449 4536 545 4600 dibus
567 4536 791 4618 anepigraphis
814 4534 916 4596 musci
939 4533 1135 4595 llircheriani
1159 4551 1192 4594 n.
1210 4533 1273 4596 326
1289 4541 1322 4594 ot
1336 4530 1410 4594 337.
1457 4533 1695 4620 intellegendus

449 4637 672 4701 videturesse
696 4656 768 4700 oum
790 4636 935 4698 Fiorellio
959 4636 1045 4697 loeus
1068 4633 1198 4714 quidam
1220 4633 1402 4714 provinciae
1424 4633 1610 4718 Aquilanae,
1636 4637 1693 4700 ubi

449 4749 553 4802 exstat
575 4739 665 4802 vicus
690 4740 767 4802 Ocre
789 4749 821 4801 et
843 4755 934 4802 mons
959 4738 1059 4800 Oerio.
1103 4734 1150 4796 Cf.
1177 4735 1269 4817 Gorp.
1290 4737 1331 4797 lx
1353 4755 1386 4817 p.
1405 4738 1479 4798 sia.
1510 4779 1514 4788 -

392 4843 424 4902 3.
449 4842 646 4903 Etruscas
680 4838 811 4922 glandes
833 4838 941 4902 Asculi
969 4848 1113 4920 repertas
1144 4839 1314 4900 memoravi
1337 4857 1369 4900 n.
1389 4839 1442 4900 45.
1490 4839 1617 4901 Praeter
1639 4857 1693 4902 eas

451 4941 581 5005 aliunde
604 4943 808 5007 innotuerunt
830 4943 899 5022 bae,
926 4960 1045 5022 quase
1068 4960 1103 5003 re
1125 4942 1228 5003 visnm
1252 4949 1301 5003 est
1322 4941 1354 5003 h.
1380 4941 1400 5001 l.
1427 4959 1626 5021 componere.

348 5098 556 5111 -ῌ

419 5185 444 5245 tt
465 5181 576 5235 Glandis
594 5179 765 5232 Atheniensis
783 5179 851 5231 duas
869 5181 960 5232 ululas
984 5179 1136 5232 exhibentis
1158 5178 1289 5242 (vischer,
1311 5177 1441 5241 actuoso
1459 5181 1483 5230 ll
1506 5193 1533 5244 p.
1548 5181 1606 5242 25⁰)
1626 5179 1694 5232 fides

352 5269 419 5320 mibi
436 5267 545 5320 videtur
561 5267 689 5331 suspects
707 5277 774 5326 esse,
795 5277 860 5314 nam
877 5267 1009 5328 imagines
1027 5267 1139 5316 incussa
1158 5267 1231 5314 sunt.
