3772 5992
346 523 393 593 72
833 534 992 584 acaunus
1010 533 1203 584 ennvsmas

350 743 378 794 4.
399 741 415 794 2
441 736 582 790 memorat
604 729 795 788 llossi-Scotti
813 730 958 802 periodica
978 731 1009 785 di
1024 732 1155 786 4444444.
1174 731 1211 786 444
1231 723 1335 806 (4874)
1362 747 1393 803 p.
1416 737 1468 790 424
1503 728 1686 812 (4444444444).

348 844 363 896 3
388 836 550 906 Descripsi:
583 829 759 906 4444444444).
784 860 828 871 -
849 833 891 888 144
907 833 1018 888 44444444
1040 840 1061 888 4.
1079 832 1105 888 44
1123 837 1160 890 46
1184 849 1214 904 p.
1235 838 1307 904 224,
1330 839 1340 890 4
1363 841 1391 890 44
1408 839 1467 892 226
1489 830 1566 912 (indo
1583 837 1689 896 llitschl

387 942 428 997 lX
446 933 539 1013 404);
566 935 676 992 llitschl
696 936 736 992 IX
754 934 815 992 tao
837 933 874 990 ad
895 935 1013 990 Brunnii
1035 941 1172 1006 ectypum
1195 942 1347 992 stanneum
1374 929 1413 1010 (44
1428 937 1486 994 fine
1501 954 1575 1008 44-,
1602 955 1689 1012 quam

388 1045 495 1100 lineam
518 1055 576 1096 non
599 1042 629 1094 in
651 1037 707 1095 bac
729 1037 798 1108 vidi,
825 1037 878 1092 sad
900 1039 930 1092 in
952 1037 1040 1093 altera
1063 1039 1126 1092 eius
1149 1040 1251 1106 musei,
1279 1039 1317 1095 44.
1343 1056 1373 1095 4.
1394 1046 1443 1108 86,
1465 1039 1509 1110 3).

348 1151 363 1204 4
389 1145 459 1202 Tah.
478 1145 507 1200 X
524 1148 554 1198 3.
602 1142 764 1212 Descripsi;
791 1141 951 1198 clarissime
974 1139 1094 1211 legitur:
1132 1139 1320 1198 n·vs.luas¹a
1349 1134 1409 1216 (sed
1432 1150 1540 1214 puncta
1562 1145 1620 1203 duo
1642 1150 1691 1203 in·-

390 1255 468 1306 certa
492 1239 580 1320 sunt).
605 1274 648 1283 -
670 1245 712 1300 De
727 1243 838 1300 llinicis
862 1249 883 1299 t.
901 1243 982 1300 4447
1004 1235 1081 1318 (inde
1103 1243 1212 1301 llitschl
1235 1251 1256 1301 t.
1275 1245 1315 1300 lll
1333 1241 1403 1320 404)
1431 1253 1460 1302 44
1482 1247 1591 1306 llitschl
1610 1255 1631 1306 4.
1649 1251 1689 1306 lll

391 1356 459 1410 424
481 1349 516 1405 ad
540 1348 660 1404 llarchii
683 1347 829 1418 exempla3
857 1346 997 1402 Garrucci
1024 1349 1119 1414 4402;
1147 1345 1289 1417 lluggiero
1312 1363 1341 1403 n.
1363 1352 1435 1404 236.

346 1461 363 1512 6
380 1453 543 1523 Descripsi:
564 1463 730 1506 4444444444
746 1442 865 1524 (puncto
877 1455 943 1519 post
954 1462 970 1502 4
980 1442 1223 1522 4444444).-4)4
1235 1450 1347 1505 44444444
1358 1457 1379 1506 t.
1392 1451 1416 1504 44
1434 1454 1472 1508 48
1489 1446 1565 1524 (inde
1581 1453 1689 1511 Ritschl

388 1559 428 1614 lll
447 1549 510 1630 43),
537 1553 639 1625 quiin
662 1551 707 1607 bis
729 1551 823 1608 trihus
845 1550 1060 1622 exemplaribus
1085 1555 1166 1608 3--4
1190 1568 1248 1608 non
1270 1557 1351 1608 44444
1375 1566 1537 1610 4444444444
1561 1556 1639 1628 legit.

348 1659 553 1728 ttDcscripsi:
595 1667 752 1710 4444444444.

346 1767 363 1820 7
387 1761 457 1820 Tab.
481 1761 510 1816 X
534 1764 550 1816 7
582 1750 733 1834 (inversa).
788 1757 952 1826 Descripsi:
984 1761 1169 1812 4014444444.
1201 1786 1245 1795 -
1272 1759 1313 1813 Ex
1344 1758 1492 1830 Borghesii
1523 1761 1690 1833 apographo

394 1860 492 1940 [quem
513 1861 648 1934 glandem
664 1860 741 1931 apud
757 1858 939 1916 Dodwellum
955 1858 1062 1914 vidisse
1085 1864 1115 1914 44
1137 1859 1353 1932 inscriptionem
1376 1862 1407 1917 di
1421 1863 1567 1936 disperata
1583 1863 1690 1920 lesione

388 1967 579 2038 explicavisse
609 1957 688 2037 dicit)
727 1962 775 2018 ed.
808 1961 982 2033 Vermiglioli
1012 1962 1143 2034 94444444
1175 1963 1206 2018 di
1234 1962 1353 2034 Pcmgic
1386 1969 1465 2022 4834
1497 1981 1527 2022 4.
1555 1970 1688 2026 24-26

393 2061 601 2145 (444.-443.)
628 2083 658 2136 p.
679 2069 733 2123 244
763 2066 822 2121 sic:
853 2078 928 2120 ..mn
943 2077 1082 2132 uasa...;
1109 2065 1209 2122 Notice
1229 2082 1279 2122 sor
1301 2065 1327 2122 44
1346 2065 1440 2123 arcade
1455 2069 1584 2124 Dodwell
1610 2072 1687 2126 4837

388 2189 420 2244 p.
439 2175 477 2228 27
495 2186 524 2226 n.
546 2175 604 2227 95:
641 2180 779 2224 ,44444444
801 2167 938 2223 videlicet
959 2167 1120 2224 secundum
1144 2167 1270 2224 eundem
1293 2169 1496 2238 Borgheslum3
1523 2173 1565 2227 De
1581 2173 1692 2229 llinicis

388 2279 513 2345 utraque
546 2269 678 2330 eiusdem
716 2270 874 2341 apographi
908 2269 1033 2327 editione
1069 2270 1257 2343 neglegenter
1288 2286 1359 2326 usus
1395 2273 1531 2343 glandem
1564 2276 1690 2345 primum

389 2377 496 2434 editam
524 2391 589 2432 esse
617 2373 740 2429 affirmat
768 2375 798 2428 in
820 2371 955 2444 catalogo
985 2375 1078 2429 musei
1108 2372 1239 2431 Dodwell
1266 2367 1359 2448 (4837
1383 2391 1413 2446 p.
1434 2369 1483 2451 27)
1522 2389 1688 2443 4444444444,

390 2477 617 2548 Vermigliolium
644 2483 741 2532 autem
770 2477 799 2531 in
821 2477 896 2533 alio
925 2475 1046 2547 plumbo
1072 2476 1291 2546 inscriptionem
1314 2477 1491 2548 pleniorem,
1525 2481 1544 2534 i.
1571 2495 1598 2534 4.
1625 2493 1692 2534 cum

389 2597 397 2637 4
420 2588 486 2638 ante
509 2595 549 2648 44,
583 2581 727 2634 invenisse
756 2584 785 2634 et
807 2577 976 2650 publicasse
1003 2578 1031 2633 in
1055 2577 1192 2635 Giomcle
1217 2581 1354 2652 pompino
1376 2565 1471 2637 ‘⁴835
1496 2581 1520 2636 ll
1543 2579 1688 2652 quadrim.

389 2701 419 2756 p.
447 2667 531 2755 244’;
564 2680 633 2738 inde
660 2683 721 2752 ipse
750 2681 882 2737 Minicius
911 2693 1069 2736 :zmauasa
1104 2683 1133 2735 44
1164 2695 1270 2738 comm.
1301 2698 1330 2752 p.
1360 2686 1436 2752 229,
1473 2682 1526 2738 sed
1563 2675 1692 2758 (proprio

389 2787 479 2842 llarte
509 2801 531 2842 Ν
558 2785 587 2838 44
609 2799 632 2838 u
662 2775 785 2858 mutans)
816 2795 963 2838 ausuasa
993 2785 1022 2838 in
1044 2781 1105 2840 tab.
1131 2784 1155 2838 ll
1186 2788 1224 2840 50
1255 2783 1386 2840 exhibuit
1415 2791 1445 2840 44
1473 2785 1588 2842 loannis
1617 2786 1693 2842 Petri

389 2888 502 2946 Secchii
525 2887 791 2956 interpretationem
811 2878 884 2960 leliae
905 2902 987 2941 moso
1010 2887 1029 2940 i.
1049 2901 1076 2942 e.
1096 2887 1157 2942 eine
1178 2903 1264 2942 moze
1279 2906 1320 2934 =
1333 2903 1409 2960 pone
1429 2885 1577 2958 probavit3
1606 2889 1693 2944 etiam

389 2993 511 3048 ulterius
533 3003 706 3062 progressus
729 2987 904 3045 Garrucoius
920 2987 992 3059 Syll.
1011 3004 1041 3044 4.
1061 2991 1140 3045 4404
1163 2989 1382 3059 inscriptionem
1404 2989 1520 3060 plenam
1542 3001 1693 3046 4444444444

389 3093 520 3151 exhibuit
548 3092 659 3149 addens
681 3078 788 3148 ‘Edidit
809 3075 1040 3161 Vermigliolius'.
1087 3092 1109 3146 li
1140 3106 1255 3147 errores
1277 3095 1412 3147 accurate
1434 3092 1589 3148 enarrandi
1611 3099 1694 3149 erant

390 3203 511 3269 propter
540 3195 659 3268 glandes
688 3194 773 3251 falsas
803 3208 962 3262 earumque
993 3192 1120 3250 editores
1148 3191 1363 3262 Desjardinium
1396 3199 1425 3248 et
1453 3193 1620 3264 Berglium.
1650 3223 1694 3234 -

388 3299 496 3354 llelner
518 3299 638 3370 Cotalog
666 3299 716 3354 der
742 3299 805 3353 Ver.
823 3294 944 3351 Semml.
967 3289 1123 3371 (4444444444
1149 3287 1239 3368 4844)
1269 3309 1298 3364 p.
1320 3300 1357 3352 22
1383 3311 1412 3350 4.
1434 3297 1519 3352 4064
1543 3295 1689 3353 04440444.

388 3403 491 3458 Archiv
512 3401 561 3456 Vll
583 3395 689 3475 (4846)
720 3415 751 3470 p.
772 3401 845 3465 284,
877 3399 958 3454 tom.
976 3397 1080 3453 Boiam
1107 3401 1185 3454 4842
1209 3413 1240 3469 p.
1261 3402 1320 3456 273
1353 3399 1474 3470 catalogi
1504 3397 1693 3456 Dodwelliani

389 3505 544 3560 lectionem
574 3503 708 3573 repetivit
743 3496 875 3577 (44444444
905 3507 955 3555 aut
987 3493 1166 3574 ..nsuasa);
1204 3501 1401 3557 hlommsenus
1434 3501 1568 3570 glandem
1600 3503 1693 3571 ipsam

390 3603 533 3664 hionachii
555 3603 628 3660 vidit
649 3603 780 3672 illudque
801 3596 872 3677 (4(444
893 3618 974 3658 masc
996 3609 1076 3658 recte
1096 3602 1241 3658 damnavit
1263 3601 1348 3674 Corp.
1373 3605 1384 3658 l
1409 3607 1482 3660 687.

432 3724 597 3795 Legendum
621 3729 665 3779 est
688 3735 836 3779 4444444444
859 3729 916 3790 aut,
944 3721 972 3777 id
994 3721 1072 3792 quod
1094 3727 1215 3793 propter
1229 3723 1404 3794 exemplaria
1428 3739 1440 3780 ³
1463 3730 1527 3779 444
1550 3729 1579 3779 44
1602 3739 1633 3780 4.
1652 3730 1690 3781 86

347 3826 528 3899 probabilius
550 3833 604 3894 444,
631 3821 785 3880 4444444444
808 3825 829 3880 i.
848 3840 876 3880 e,
902 3823 1070 3880 4444444444.
1119 3823 1259 3881 Punctum
1282 3827 1369 3892 enim,
1397 3826 1476 3897 quod
1498 3827 1556 3882 ins
1578 3826 1694 3882 videtur

348 3937 473 3998 exstare,
500 3945 568 3985 casu
593 3933 709 3984 enatum
733 3942 797 3982 esse
820 3933 869 3982 aut
891 3933 972 3983 44444
994 3926 1065 3982 nihil
1087 3927 1248 3998 significare
1271 3935 1352 3999 puto,
1379 3929 1417 3984 cl.
1443 3927 1478 3983 ad
1501 3945 1531 3984 n.
1553 3933 1590 3986 86
1609 3944 1647 3986 ao.

346 4093 454 4177 88[=
471 4101 587 4171 Corpl
616 4116 646 4156 n.
668 4093 739 4171 687]
782 4094 937 4172 [Bononiae
971 4101 1000 4153 in
1034 4113 1136 4155 museo
1169 4092 1391 4173 universitatisl.
1449 4101 1545 4171 Longa
1581 4103 1690 4167 0,048,

390 4219 487 4262 crassa
513 4204 773 4270 0,0ll-0‚ttltt;
806 4199 914 4272 pendet
938 4204 976 4258 43
993 4217 1037 4271 gr.
1085 4201 1198 4256 bitteris
1221 4200 1320 4268 bonis,
1355 4215 1414 4257 non
1437 4201 1618 4259 exstantibus
1641 4201 1694 4257 sed

391 4308 490 4365 incisis
513 4311 562 4362 aut
584 4305 650 4362 lcrt.
678 4303 758 4360 caelo
781 4304 860 4360 tenui
883 4305 1003 4360 incusis.

945 4435 1095 4502 [titulasse

346 4597 417 4654 Tab.
435 4599 462 4654 ll
482 4603 517 4654 46
536 4605 565 4655 44
583 4601 614 4654 44
644 4597 862 4669 inscriptionem
895 4587 964 4664 (non
992 4595 1115 4651 sormam
1143 4586 1266 4670 glandis]
1295 4591 1341 4649 his
1369 4591 1487 4651 exhibui
1516 4609 1552 4650 ex
1582 4595 1695 4666 ectypis

346 4702 484 4757 stanneis.
532 4702 690 4772 Descripsi.
722 4729 766 4739 —
796 4699 967 4754 Franciscus
996 4695 1105 4754 ltocchi
1135 4700 1273 4768 ectypum
1302 4694 1487 4752 chartaceum
1516 4697 1693 4753 llommseno

349 4804 426 4858 misit
452 4807 482 4858 44
504 4801 580 4874 Aug.
604 4806 695 4869 4862,
722 4804 773 4874 qui
795 4801 862 4857 inde
885 4799 975 4856 edidit
997 4799 1113 4871 Gorp.l
1136 4815 1166 4870 p.
1187 4803 1246 4856 460
1271 4797 1307 4854 ad
1331 4814 1361 4854 n.
1382 4803 1454 4856 687.

434 4905 476 4960 De
498 4905 667 4976 antiquitate
690 4905 884 4976 inscriptionis
906 4918 964 4960 non
987 4909 1031 4958 est
1053 4917 1106 4958 cur
1128 4901 1253 4958 dubitari
1275 4900 1374 4968 liceat;
1404 4905 1483 4957 certe
1506 4902 1618 4957 litterae
1642 4917 1694 4956 ex-

348 5013 467 5064 cavatae
490 5008 519 5060 in
541 5007 604 5062 aliis
622 5021 741 5077 quoque
757 5011 853 5062 certae
869 5005 1043 5062 sinceritatis
1058 5003 1211 5076 glandibus
1227 5009 1360 5075 repertae
1376 5008 1442 5059 sunt
1463 5000 1519 5078 (444.
1533 5019 1578 5073 gr.
1593 5018 1623 5058 n.
1640 5006 1692 5060 64.

352 5113 422 5166 tos.
445 5101 529 5184 tto);
556 5111 654 5178 itaque
677 5113 755 5163 recte
771 5123 838 5164 cum
855 5107 981 5164 lloccbio
1003 5113 1075 5174 tum,
1100 5113 1132 5162 ut
1153 5105 1230 5162 idem
1252 5111 1382 5173 testatur,
1409 5105 1564 5175 Borghesio
1580 5107 1695 5163 sincera

348 5213 409 5268 visa
432 5217 486 5268 est.

920 5305 1125 5314 —.——-——--
