3706 5976
671 583 830 634 onaunns
849 582 1004 638 srovnan.
1488 569 1509 640 3

169 773 186 838 1
213 785 246 838 84
275 780 350 836 Vidit
372 781 488 837 Nissen.
513 809 557 820 —
579 781 632 837 Ed.
652 780 747 851 Spano
770 780 847 836 44044.
869 781 963 837 Sardo
991 785 1069 838 4854
1093 797 1123 852 p.
1148 785 1183 837 43
1213 774 1261 856 (44.
1283 785 1362 838 4866
1390 795 1420 850 p.
1441 775 1506 856 46),

230 884 318 942 Catal.
337 885 394 954 lp.
416 887 466 950 43,
493 885 634 940 Mnemos.
653 883 742 940 Sarda
770 875 901 959 (Gagliari
922 877 1012 956 4864)
1028 882 1088 940 tab.
1112 887 1168 956 46,
1189 888 1217 942 8.
1265 882 1335 939 lude
1350 883 1510 939 Mommsen

229 988 317 1060 Corp.
334 988 363 1043 X
385 1003 415 1042 n.
436 991 516 1044 8063
534 998 547 1041 4
562 1003 602 1042 m.

167 1097 204 1148 88
230 1090 348 1147 Nitzsch
372 1089 514 1146 64000440
541 1080 675 1163 (berolini
700 1083 790 1166 4844)
818 1105 849 1161 p.
869 1091 941 1158 894,
968 1089 1018 1158 qui
1041 1088 1109 1160 legit
1132 1101 1202 1144 urso
1225 1099 1303 1144 cos.

167 1200 205 1254 83
230 1195 444 1265 Descripsimus
460 1193 655 1250 Mommsenus
678 1197 708 1248 44
729 1206 793 1264 ego.
841 1192 959 1247 Restant
981 1191 1068 1248 baec:
1110 1181 1335 1268 sslsols1cos3
1362 1193 1466 1263 prioris
1488 1203 1511 1247 o

231 1297 348 1352 lunulae
375 1297 545 1368 posterioris
574 1309 642 1367 pars
669 1294 790 1352 44444404
817 1294 881 1350 sola
903 1300 1052 1365 superstes
1074 1299 1118 1350 est
1141 1293 1194 1350 sed
1216 1295 1278 1350 sive
1301 1295 1376 1350 mala
1398 1295 1511 1351 lusione

230 1403 292 1456 sive
314 1399 441 1456 laesione
463 1397 563 1455 bastae
584 1397 685 1454 similis
707 1398 782 1453 tacta
802 1388 858 1474 (4);
885 1397 1063 1455 Mommseno
1077 1389 1205 1475 sl1s0tfs
1228 1413 1293 1454 esse
1308 1399 1405 1453 visum
1429 1405 1508 1454 4444.

168 1507 206 1562 84
230 1499 301 1557 Tab.
320 1502 378 1558 46.
425 1501 585 1573 Descripsi:
627 1507 738 1578 44304144
756 1493 796 1575 (44
818 1515 920 1556 aversa
942 1507 1023 1570 parte
1046 1501 1086 1556 nil
1108 1493 1239 1576 legitur).
1263 1529 1307 1540 -
1329 1499 1511 1558 Friedericbs

232 1603 327 1661 0444444
348 1604 507 1660 Btldtoerke
529 1604 555 1660 44
576 1621 607 1676 p.
627 1607 683 1664 844
712 1620 743 1659 4.
765 1608 857 1664 4438.

167 1713 205 1766 88
229 1707 301 1764 Tab.
319 1707 378 1763 44.
399 1712 428 1763 8.
475 1707 638 1778 Descripsi:
679 1684 843 1805 llrsonjl
856 1686 937 1808 (os.

167 1817 205 1870 86
229 1809 300 1866 Tab.
320 1811 331 1865 l
348 1813 377 1865 5.
425 1810 589 1881 Descripsi:
629 1799 721 1898 [suff
748 1825 849 1866 averso
872 1824 939 1880 pars
962 1808 1038 1864 laesa
1061 1815 1116 1866 est.

168 1917 207 1972 84
231 1913 347 1969 44444443
369 1911 447 1982 apud
462 1913 608 1970 Minicium
631 1913 692 1970 tab.
707 1915 731 1970 44
746 1929 775 1970 4.
794 1917 826 1970 84
856 1905 969 1986 (litteris
991 1903 1169 1987 vulgaribus)
1189 1917 1218 1968 44
1238 1928 1269 1983 p.
1286 1915 1358 1982 tlt,
1376 1918 1392 1970 8
1417 1912 1512 1968 idem·

231 2031 290 2088 que
312 2016 426 2072 Notizie
447 2015 523 2087 degli
544 2019 718 2073 sonoomeati
740 2016 786 2072 del
808 2016 888 2073 40040
912 2014 976 2071 dett
1002 2017 1099 2072 antico
1123 2015 1220 2088 Capua
1248 2017 1277 2070 44
1301 2013 1399 2071 tabula
1420 2031 1439 2070 n
1472 2019 1509 2070 to

230 2120 306 2174 44444
334 2117 488 2189 figulorum
511 2118 722 2190 Campanorum
752 2120 901 2175 nominum
932 2121 962 2174 in
990 2133 1044 2174 suo
1074 2133 1175 2176 museo
1206 2117 1369 2174 adservata.
1420 2130 1510 2174 443040

231 2221 345 2277 44440443
368 2220 445 2293 apud
467 2221 625 2288 Minicium,
652 2221 848 2278 n·r1soidem
873 2223 901 2278 44
924 2221 1022 2278 tabula
1050 2214 1220 2296 (Mommsen
1242 2222 1263 2277 l.
1281 2222 1300 2278 l.
1318 2214 1362 2297 9).

168 2331 219 2385 86.
247 2329 285 2384 89
319 2323 412 2380 lllessi
442 2324 542 2380 lettera
568 2328 647 2381 4843
677 2323 738 2380 tab.
762 2327 774 2381 1
802 2341 832 2381 n.
857 2325 868 2379 1
903 2319 1014 2398 (44444443
1043 2318 1220 2401 vulgaribus)
1254 2329 1282 2380 44
1310 2339 1339 2394 p.
1364 2325 1403 2380 34
1434 2316 1511 2397 (inde

230 2430 272 2484 De
295 2427 407 2483 Minieis
430 2427 494 2482 t.11
517 2441 546 2482 n.
568 2430 606 2483 39
638 2428 675 2483 ol.
695 2443 726 2498 p.
746 2429 818 2496 844,
840 2431 871 2496 4,
905 2429 1063 2484 Mommsen
1090 2426 1261 2498 Corpln.
1282 2429 1341 2483 643
1377 2419 1424 2501 [ex
1454 2441 1511 2496 quo

231 2531 370 2588 Gai-rucei
385 2528 457 2601 Syll.
472 2545 502 2585 n.
520 2521 591 2604 968)
615 2535 644 2586 44
658 2529 745 2601 Corp.
760 2529 787 2585 x
803 2545 833 2586 n.
851 2532 931 2586 8963
943 2543 956 2585 4
967 2523 1007 2606 4);
1045 2541 1112 2585 4430
1128 2529 1232 2586 44444443
1247 2527 1409 2586 minoribus
1424 2544 1512 2600 quam

230 2635 261 2689 in
283 2633 404 2704 reliquis
425 2629 590 2703 glandibus,

253 2805 406 2862 Glandium
438 2809 489 2861 83.
517 2806 569 2862 84.
596 2807 634 2862 86
668 2803 782 2860 mutilas
813 2804 860 2859 vel
890 2810 970 2860 certe
999 2804 1184 2875 impu-tectas
1214 2819 1279 2860 4334
1309 2803 1512 2873 inscriptiones

166 2914 278 2966 constat
304 2913 333 2964 44
361 2909 433 2979 quin
461 2907 569 2964 inerint
598 2907 683 2961 etiarn
711 2923 742 2962 n.
766 2911 804 2964 88
836 2913 865 2962 44
895 2910 933 2963 84
959 2904 1084 2964 dubitari
1107 2908 1155 2962 vix
1185 2911 1291 2978 potest.
1344 2905 1386 2960 Ex
1413 2922 1443 2962 n.
1472 2909 1510 2964 83

166 3019 195 3068 44
218 3015 256 3070 89
288 3012 482 3068 Mommsenus
505 3010 589 3080 Corp.
609 3009 622 3064 4
643 3025 674 3064 4.
695 3006 807 3066 64344
830 3010 857 3065 Χ
880 3025 910 3065 4.
932 3015 1012 3067 8663
1030 3009 1074 3066 44
1097 3009 1213 3066 admisit
1239 3008 1359 3064 alteram
1385 3009 1513 3080 inscrip-

164 3116 272 3171 tionem
296 3113 385 3170 banc:

802 3329 868 3374 t’tso

167 3576 225 3632 Sed
255 3575 414 3632 videndum
443 3580 501 3642 est,
534 3590 570 3630 ne
599 3573 672 3630 haee
702 3590 821 3646 quoque
850 3575 949 3631 mutila
976 3575 1013 3630 sit
1042 3572 1244 3646 Alessiumque
1274 3567 1314 3648 tid
1342 3573 1423 3644 quod
1451 3574 1513 3629 lieri

166 3679 300 3735 facillime
329 3671 434 3753 potest)
463 3679 568 3749 sugerit
596 3677 739 3734 delectus.
793 3675 890 3747 Quare
920 3678 1014 3748 potius
1043 3675 1271 3748 exspectandum
1303 3691 1367 3732 esse
1397 3678 1509 3748 opinor,

166 3781 260 3838 donec
283 3780 432 3852 exemplar
453 3780 572 3851 aliquod
594 3797 610 3835 a
632 3781 753 3838 lusionis
775 3781 964 3852 imperfectae
987 3785 1015 3836 et
1042 3779 1179 3837 laesionis
1201 3780 1367 3852 suspicione
1389 3778 1514 3836 liberum

166 3883 203 3940 ab
233 3883 339 3940 idoneo
366 3888 441 3939 teste
470 3884 664 3938 examinatum
692 3883 789 3939 luerit.
819 3911 863 3922 —
891 3883 924 3939 ln
946 3899 976 3940 n.
998 3887 1035 3942 88
1064 3898 1123 3940 004
1144 3881 1266 3940 dubium
1289 3889 1333 3938 est
1355 3884 1427 3954 quin
1450 3895 1514 3939 4430

167 3987 271 4054 luerit,
304 4001 321 4040 u
345 3991 442 4042 autem
469 3985 643 4058 typographi
666 3987 781 4056 inopiae
812 3985 965 4043 debeatur.
1008 3986 1132 4042 Litterae
1156 4001 1171 4040 r
1195 3988 1272 4042 enim
1301 3986 1394 4042 lorma
1417 3987 1447 4042 in
1470 3984 1515 4040 bis

166 4087 323 4161 glandibus
344 4090 476 4159 proxime
498 4087 535 4144 ab
559 4087 614 4144 bac
638 4101 656 4142 0
679 4087 773 4144 abest.

251 4227 293 4298 ‘L.
313 4241 378 4299 Piso
401 4242 422 4297 l.
441 4243 476 4311 4.,
509 4242 586 4298 idem
615 4243 663 4298 ille
685 4242 716 4298 L.
736 4241 907 4314 Calpurnius
929 4242 961 4297 L.
980 4242 999 4296 4.
1020 4257 1108 4314 quem
1138 4243 1167 4296 in
1196 4242 1259 4312 lege
1286 4242 1514 4314 repetundarum

170 4339 298 4421 [Corpl
320 4359 350 4400 n.
373 4339 443 4418 496)
470 4362 500 4401 4.
520 4349 558 4402 44
577 4367 618 4394 =
636 4351 668 4403 84
698 4345 886 4413 offendimus,
921 4345 1023 4401 consul
1045 4361 1073 4400 a.
1091 4360 1121 4401 4.
1142 4361 1169 4401 0.
1190 4350 1244 4404 684
1274 4343 1416 4400 adversus
1439 4345 1515 4417 lugi-

166 4451 241 4506 tivos
264 4450 291 4503 in
309 4447 405 4504 Sicilia
427 4446 537 4505 bellum
559 4451 648 4518 gessit
662 4449 903 4518 Mamertiumque
926 4447 1065 4519 oppidum
1088 4449 1264 4520 expugnavit
1284 4440 1413 4520 (Orosius
1430 4452 1459 4516 44,
1478 4452 1510 4515 9;

167 4551 228 4607 Val.
247 4551 322 4607 blau.
343 4554 372 4619 4,
394 4556 421 4621 3,
446 4543 508 4626 49).
557 4552 703 4620 Hennam,
738 4551 816 4624 quod
846 4551 1042 4607 firmissimum
1074 4550 1259 4622 lugitivorum
1288 4551 1432 4620 retugium
1461 4567 1516 4622 ap-

167 4653 255 4726 pellat
277 4651 414 4723 Orosius,
448 4655 527 4726 cepit
549 4653 682 4724 demum,
717 4655 768 4726 qui
790 4655 884 4713 Pisoni
907 4655 1049 4711 successit
1071 4669 1132 4712 403.
1151 4671 1181 4710 4.
1201 4671 1227 4711 0.
1250 4658 1308 4713 688
1334 4654 1364 4708 Ρ.
1384 4653 1516 4724 Rupilius

167 4751 335 4830 (Ciel'err.
358 4759 386 4826 4,
407 4761 458 4824 tto,
481 4760 554 4820 448;
590 4755 674 4813 Oros.
694 4757 772 4826 4.0,;
806 4756 924 4814 Diodor.
950 4773 980 4829 p.
1008 4761 1086 4826 4489;
1118 4757 1193 4815 Plor.
1214 4761 1243 4826 8,
1264 4747 1307 4832 4);
1342 4756 1420 4813 idem
1448 4762 1515 4813 ante

166 4861 223 4914 iam
252 4859 385 4916 Pisonem
418 4861 605 4931 temptavisse
635 4867 771 4918 auctores
800 4875 860 4916 non
888 4859 1086 4929 tradiderunt,
1123 4860 1176 4916 sed
1209 4865 1352 4917 testantur
1381 4857 1513 4930 glandes.

166 4962 372 5020 Funditoribus
400 4962 534 5018 Pisonem
563 4963 593 5019 in
626 4963 683 5020 boc
716 4963 793 5020 bello
815 4979 900 5020 usum
930 4979 994 5020 esse
1027 4967 1179 5036 praeterea
1211 4964 1362 5021 confirmat
1386 4962 1516 5018 Valerius

167 5065 306 5122 Maximus
330 5057 370 5138 (8,
392 5069 422 5132 4,
444 5071 475 5134 9;
503 5066 541 5121 04.
560 5065 687 5123 Frontin.
706 5071 788 5122 strat.
810 5069 837 5136 4,
862 5071 888 5135 4,
910 5062 960 5144 86)
988 5068 1121 5124 Pisonem
1144 5067 1275 5123 relerens
1297 5074 1406 5122 turmas
1429 5065 1516 5134 equi-

165 5173 227 5223 tum
242 5167 383 5240 quasdam
399 5169 572 5240 ignominiae
588 5185 675 5227 eausa
690 5169 833 5242 ademptis
849 5173 932 5242 equis
948 5173 977 5227 in
994 5169 1172 5228 lunditorum
1192 5171 1251 5227 alas
1273 5151 1511 5241 transcripsisse'.

165 5271 395 5328 Mommsenus
418 5272 506 5344 Corp.
526 5271 537 5326 l
560 5288 590 5344 p.
613 5277 670 5331 489
695 5273 732 5330 ad
755 5291 785 5330 n.
806 5277 864 5333 648
882 5290 927 5346 sq.

1275 5417 1306 5467 μ
