3706 5976
748 557 947 608 PRAEFATIO.
1452 569 1519 617 ιιιιι

176 725 360 806 Asculanos,
387 725 445 788 sed
469 728 564 789 etiam
588 729 620 788 in
643 728 708 790 illis
731 747 828 790 unum
857 731 1021 811 exemplar
1043 730 1172 792 maximi
1196 739 1358 810 repertum
1382 741 1430 794 est
1452 753 1521 794 mo-

176 829 244 892 duli
269 849 301 891 n.
320 831 372 891 89.
391 863 435 874 —-
450 828 581 892 Glandis
605 830 864 911 Pompeianorum
888 833 1047 913 Hispanae
1070 853 1102 895 n.
1130 835 1170 894 19
1195 832 1320 913 pondus
1342 835 1516 914 ignoratur,

177 953 217 996 ex
240 933 346 1014 siligio
369 943 475 996 autem
502 931 611 1012 (9,915
634 933 736 1014 longa)
770 944 904 1015 apparet
924 934 1062 1021 ,modulo
1085 955 1154 998 eam
1178 937 1310 1016 propius
1332 935 1448 998 afuisse
1479 937 1519 998 ab

175 1034 344 1099 Asculanis
374 1055 469 1116 quam
500 1056 517 1097 a
551 1038 773 1100 Perusinorum
801 1038 977 1118 plerisque.
1035 1036 1176 1100 Alterius
1206 1037 1332 1119 glandis
1361 1039 1519 1120 Hispanae

177 1158 208 1201 n.
228 1139 268 1199 59
293 1137 418 1218 pondus
440 1148 489 1201 est
512 1141 564 1212 93,
583 1160 610 1202 55
633 1159 681 1220 gr.
701 1176 742 1186 —
758 1138 903 1220 Denique
919 1139 1045 1221 glandis
1059 1141 1234 1203 Salvidieni
1258 1160 1290 1202 n.
1309 1141 1344 1201 51
1375 1143 1520 1222 exempla

175 1242 235 1303 tria
265 1241 317 1322 52,
338 1263 365 1304 so
387 1261 433 1321 gr.
464 1241 525 1322 (7),
563 1242 603 1304 76
627 1261 676 1324 gr.
706 1243 761 1324 (8),
808 1243 861 1322 78,
879 1265 907 1307 ro
929 1261 975 1324 gr.
1005 1243 1046 1326 (6)
1077 1243 1222 1325 pendent
1255 1245 1412 1326 longaque
1445 1253 1521 1307 sunt

175 1345 259 1408 inter
282 1345 320 1406 49
345 1353 377 1406 54
399 1344 439 1404 59
456 1364 532 1408 urm.

261 1447 457 1529 Robiginem,
485 1467 547 1528 qua
570 1447 701 1528 glandes
723 1447 878 1512 obductae
902 1469 972 1512 5555
994 1451 1111 1528 solent,
1144 1451 1327 1512 examinare
1355 1469 1418 1512 non
1447 1449 1521 1511 nul-

177 1551 238 1614 lius
261 1561 309 1613 est
332 1551 485 1612 momenti
514 1550 555 1612 ad
586 1550 812 1615 discernendas
842 1553 997 1633 genuinas
1021 1575 1038 1616 a
1061 1553 1191 1634 spuriis.
1238 1555 1272 1614 ln
1303 1572 1367 1633 qua
1390 1572 1424 1614 re
1446 1553 1521 1614 licet

179 1655 250 1734 plus
273 1654 458 1735 proficiatur
480 1654 580 1716 oculis
603 1674 664 1716 usu
694 1657 876 1718 exercitatis
905 1675 999 1736 quam
1022 1655 1245 1737 descriptione,
1277 1675 1392 1737 genera
1415 1663 1520 1718 tamen

176 1755 330 1836 quaedam
354 1755 496 1818 breviter
517 1757 728 1838 significanda
749 1767 835 1821 sunt.
879 1759 994 1821 Multae
1016 1757 1148 1840 glandes
1171 1759 1347 1840 robiginem
1370 1757 1521 1820 exhibent

176 1859 291 1939 giivam
316 1859 440 1939 duram,
467 1860 559 1923 modo
582 1861 684 1922 levem
720 1859 810 1940 (sicut
833 1861 1022 1924 Graecarum
1046 1863 1236 1944 permultae)
1264 1861 1355 1923 modo
1378 1860 1520 1924 scabram

181 1961 229 2042 (54,
256 1961 321 2024 lah.
339 1963 391 2024 Vll
408 1962 451 2045 7),
478 1983 599 2044 paneae
621 1964 850 2045 ferruginosam
873 1964 989 2027 levem.
1025 1961 1199 2028 Asculanae
1223 1965 1255 2026 in
1278 1983 1361 2045 aqua
1384 1965 1520 2046 reperiri

175 2067 288 2144 solent,
314 2083 377 2144 quo
401 2075 506 2128 tamen
538 2087 577 2128 ex
607 2069 692 2148 agris
715 2068 829 2129 vicinis
859 2067 927 2130 4555
949 2076 1026 2130 5554
1048 2067 1233 2147 devolutae3
1268 2066 1355 2130 unde
1377 2068 1521 2148 explica·
1605 2147 1609 2156 ι

175 2177 245 2247 455,
286 2168 372 2249 quod
400 2168 572 2249 robiginis,
610 2189 691 2250 quae
720 2171 752 2232 in
785 2180 869 2232 terra
898 2172 937 2232 iis
965 2181 1167 2250 exereverat,
1205 2171 1374 2234 nonnullae
1404 2169 1522 2234 babent

174 2272 338 2352 reliquias,
365 2272 537 2352 pleraeque
560 2272 666 2335 nudae
689 2284 782 2350 sunt;
809 2273 866 2336 sed
888 2274 1074 2354 superficies
1096 2271 1289 2354 quibusdam
1312 2283 1361 2336 est
1383 2283 1446 2336 tam
1471 2275 1521 2334 in-

174 2373 305 2450 durata,
341 2384 376 2436 ut
399 2376 426 2436 si
449 2375 597 2456 glandem
620 2375 852 2457 candefaceris,
878 2377 1012 2438 nucleus
1034 2375 1223 2458 liquefactus
1246 2386 1388 2454 emanet,
1414 2385 1521 2438 crusta

174 2485 279 2538 autem
310 2485 443 2538 externa
472 2479 563 2558 quasi
594 2487 703 2541 cortex
736 2479 946 2559 relinquatur.
1007 2477 1041 2541 ld
1075 2477 1160 2560 quod
1192 2480 1224 2540 in
1253 2499 1316 2542 uno
1345 2479 1520 2560 exemplari

176 2577 292 2640 factum
323 2577 408 2658 vidi,
447 2579 532 2660 quod
561 2580 791 2644 Feuardentius
821 2583 1014 2657 transmisit,
1051 2581 1158 2662 glandi
1192 2583 1413 2663 antiquitatem
1444 2581 1520 2642 mihi

175 2681 368 2762 probaturus
392 2682 450 2744 hoc
472 2691 675 2764 argumento,
702 2683 940 2747 subministrato
963 2685 1010 2745 illi
1032 2704 1049 2746 a
1073 2683 1311 2762 venditoribus,
1338 2686 1422 2746 sicut
1444 2683 1520 2746 mihi

173 2805 190 2847 a
215 2784 401 2848 Venturinio
431 2786 560 2848 aurifice
582 2783 739 2850 Asculano
767 2787 818 2868 (54.
845 2808 876 2867 p.
897 2789 936 2848 99
961 2785 1071 2866 extr).
1133 2787 1330 2860 Quibusdam
1353 2785 1521 2850 Asculanis

174 2887 344 2967 glandibus
366 2908 454 2951 nunc
468 2890 552 2951 color
573 2891 666 2970 niger
687 2899 742 2952 aut
758 2889 855 2952 ruber
870 2900 928 2971 est,
956 2888 1152 2970 indonatus,
1179 2891 1264 2971 quod
1287 2891 1373 2953 iuxta
1398 2891 1519 2970 lignum

173 2999 361 3070 putrescens
383 3001 438 3054 aut
460 2990 580 3054 ferrum
602 2995 724 3073 positae
747 2991 886 3055 inerunt.
904 3028 946 3038 -
969 2993 1144 3056 Nonnullae
1166 2994 1318 3073 aerugine
1340 2992 1435 3054 viridi
1458 2992 1516 3054 oh-

173 3091 285 3156 ductae
308 3104 396 3171 sunt,
428 3104 535 3157 utrum
559 3113 633 3157 casu
655 3114 696 3156 an
721 3093 832 3158 iraude
867 3095 988 3174 neseio,
1022 3115 1070 3157 ex.
1097 3114 1144 3175 gr.
1171 3104 1236 3158 tres
1259 3093 1407 3176 glandes,
1434 3113 1516 3175 quae

172 3195 378 3258 Woodhousii
402 3197 504 3278 legato
528 3197 601 3260 inde
624 3197 665 3260 ab
690 3197 809 3258 40155.
831 3197 912 3258 4858
937 3199 970 3258 45
986 3217 1093 3259 museo
1110 3199 1287 3260 Britannico
1309 3197 1517 3260 adservantur

177 3298 219 3380 (5.
239 3300 291 3360 56.
310 3299 363 3362 57,
383 3301 449 3381 64);
477 3319 558 3380 quae
582 3320 633 3364 555
656 3299 784 3364 induxit
800 3300 995 3380 Vischerum,
1022 3309 1058 3362 ut
1074 3301 1185 3364 harum
1202 3301 1347 3364 ultimam
1363 3301 1514 3364 aheneam

171 3421 240 3464 esse
271 3412 397 3482 putaret
424 3400 588 3485 (Schriften
611 3404 636 3464 11
664 3423 698 3484 p.
720 3401 766 3485 8).
814 3404 892 3464 item
915 3422 973 3485 per
996 3422 1136 3466 errorem
1159 3405 1298 3467 aheneae
1320 3423 1390 3467 esse
1413 3402 1515 3465 dictae

171 3515 245 3567 sunt
267 3505 400 3585 glandes
423 3506 525 3569 musei
548 3507 738 3584 Florentini3
770 3505 844 3568 vide
878 3526 911 3587 p.
935 3507 1027 3568 XXV.
1080 3508 1148 3570 Duo
1179 3507 1371 3588 exemplaria
1400 3507 1514 3588 anepi-

172 3608 291 3687 grapha
323 3609 441 3673 ahenea
468 3612 652 3672 memoravit
679 3609 799 3690 515554,
836 3611 943 3672 lettera
967 3610 1048 3671 4815
1073 3631 1104 3692 p.
1126 3611 1176 3692 19,
1209 3631 1309 3674 unum
1332 3611 1435 3674 musei
1458 3608 1516 3672 ba-

173 3710 257 3772 ronis
273 3709 385 3773 554545
409 3713 442 3773 45
466 3713 582 3794 oppido
605 3713 681 3774 Noto
709 3713 880 3794 [repertum
904 3713 937 3774 in
960 3712 1078 3793 145445),
1103 3714 1238 3776 alterum
1261 3733 1301 3776 ex
1323 3712 1361 3775 A.
1379 3715 1417 3775 14.
1437 3715 1517 3795 Lupi

170 3812 310 3890 dissert,
329 3814 389 3876 lett.
419 3815 547 3897 [Faenaa
568 3816 579 3875 4
587 3813 660 3898 785]
687 3817 749 3878 vcl.
768 3817 828 3897 lp.
847 3815 922 3894 265,
948 3817 1003 3896 qui
1028 3825 1131 3878 tamen
1155 3816 1270 3898 flagelli
1293 3825 1414 3899 partem
1443 3812 1515 3897 (non

170 3915 279 3993 telum)
307 3917 404 3979 inisse
423 3919 477 3980 ait.
504 3954 545 3964 -
570 3919 688 3980 Coloris
710 3919 857 3997 caerulei,
884 3920 938 3999 qui
963 3920 994 3980 in
1018 3919 1132 4000 glande
1156 3939 1188 3980 n.
1209 3921 1289 3998 68,s
1312 3927 1424 3998 exstat,
1451 3919 1516 3980 ori-

171 4017 279 4097 ginem
309 4017 354 4079 ibi
385 4019 534 4083 indicavi.
572 4056 608 4066 —
643 4021 780 4084 Glandes
809 4022 927 4084 aculeis
956 4020 1070 4084 1555545
1103 4024 1241 4085 munitas
1272 4024 1442 4085 memoravi
1474 4021 1515 4084 ad

171 4139 203 4182 n.
222 4122 274 4184 22.

259 4225 294 4286 15
317 4227 480 4290 555551145
502 4227 672 4309 glandibus
700 4229 925 4310 anepigraphis
952 4247 1053 4310 prope
1075 4248 1175 4292 unum
1203 4229 1347 4291 aculeum
1376 4226 1515 4288 foramen

170 4335 291 4406 exstat,
324 4347 373 4390 ex.
401 4349 449 4412 gr.
475 4331 508 4393 in
537 4351 601 4394 una
632 4332 733 4394 musei
763 4332 952 4414 Syracusani
981 4341 1106 4412 reperta
1129 4332 1214 4414 apud
1237 4333 1410 4412 Syracusas
1433 4330 1517 4392 inter

169 4432 321 4514 Neapolin
338 4443 369 4496 et
384 4435 510 4516 Tychen
527 4434 594 4515 (ubi
611 4455 643 4496 5.
662 4445 729 4498 554
743 4435 760 4496 b
775 4455 847 4516 pag.
869 4433 913 4517 4),
939 4436 972 4496 45
988 4435 1048 4497 5145
1065 4435 1213 4497 Perusiae
1234 4443 1358 4514 reperta
1382 4442 1415 4494 ct
1430 4451 1516 4494 nune

169 4534 210 4596 ab
241 4537 354 4598 comite
384 4537 588 4600 Rossi-Sootti
619 4547 758 4616 servata,
797 4539 830 4599 in
863 4539 957 4600 tertia
987 4539 1089 4599 musei
1112 4535 1365 4599 vindobonensis
1396 4535 1514 4598 iormae

171 4637 320 4700 Graecae.
368 4639 544 4703 Guilelmus
575 4642 721 4720 Vischer,
756 4640 909 4723 Schriften
933 4641 958 4702 11
982 4661 1012 4722 p.
1039 4644 1057 4701 9
1093 4639 1142 4720 (54.
1169 4660 1200 4720 p.
1234 4639 1322 4718 249),
1350 4641 1405 4719 qui
1430 4638 1514 4701 idem

169 4742 202 4802 in
235 4740 404 4820 glandibus
433 4743 561 4806 Graecis
587 4743 768 4808 observavit
808 4743 901 4824 (duae
926 4753 1174 4805 κΑΛΛιεΤΡΑΤοΥ
1197 4761 1311 4805 nomen
1334 4741 1513 4824 exhibent),

172 4843 373 4907 Woodhousii
397 4847 608 4909 coniecturam
624 4847 726 4928 affert,
753 4845 898 4910 foramini
920 4866 938 4908 a
954 4845 1167 4909 funditoribus
1186 4846 1321 4909 insertas
1336 4865 1406 4908 esse
1422 4848 1516 4908 sche-

169 4946 261 5009 dulas
286 4949 471 5029 inscriptas,
503 4969 575 5011 cum
603 4949 746 5013 hostibus
768 4969 828 5031 per
850 4948 1060 5032 proditionem
1089 4948 1377 5011 communicandas.
1424 4948 1515 5021 Quod

169 5067 360 5130 quamquam
384 5049 500 5114 iactum
524 5071 594 5114 esse
609 5072 700 5134 posse
723 5072 785 5116 non
802 5053 985 5134 negaverim
995 5051 1033 5134 ¹),
1061 5059 1164 5133 potest
1178 5059 1284 5114 tamen
1307 5053 1368 5114 5445
1384 5070 1511 5133 quoque

239 5207 263 5269 4)
292 5208 407 5272 sagittas
429 5209 463 5259 ad
495 5208 566 5260 hauc
590 5222 646 5258 rem
676 5207 811 5260 adhibitas
840 5220 900 5259 esse
930 5209 1082 5257 memorant
1112 5205 1241 5260 Herodot.
1269 5208 1339 5267 Vlll,
1367 5210 1414 5255 448
1441 5206 1513 5266 (inde

170 5294 274 5346 Aeneas
294 5294 408 5360 poliorc.
432 5299 458 5344 44
483 5293 566 5360 546),
591 5294 724 5346 Plutarch.
750 5293 861 5345 Cimone
882 5297 927 5354 ta;
960 5289 1085 5360 ὀξυβελῶν
1105 5289 1170 5361 β4λη
1189 5293 1312 5359 Polvseu.
1333 5295 1408 5343 strat.
1429 5292 1512 5352 1149ς
