3706 5976
747 549 946 603 raanrfflo,
1416 559 1512 608 XXIII

204 722 254 782 tt.
280 723 513 784 Praeneste.
560 721 650 782 Anno
676 721 751 781 4864
780 739 878 802 prope
900 724 1068 784 Praeneste
1090 740 1158 802 rep.
1188 739 1249 782 non
1271 722 1303 782 in
1324 739 1368 782 cn
1390 722 1523 803 sepoloro

277 824 326 887 del
348 824 434 886 004440
457 825 516 907 tipo
536 824 721 904 prenestino,
749 841 801 884 040
821 825 855 885 in
877 841 920 884 un
943 824 1056 887 tumulo
1078 831 1221 887 0004044440
1237 823 1270 886 di
1292 824 1365 904 tuffo
1385 823 1426 906 (p.
1443 822 1515 905 488)

284 924 447 1006 glandium
471 925 677 1007 inscriptione
699 927 874 988 carentium
896 943 1031 1006 magnus
1052 944 1219 1004 numerus,
1246 945 1310 988 una
1333 945 1405 989 cum
1427 929 1527 989 000440

278 1027 382 1090 tribus
396 1028 536 1107 04400040,
562 1027 710 1108 speculis,
737 1027 872 1107 ahisque
888 1026 985 1090 rebus
999 1029 1153 1092 Etruscis.
1192 1029 1363 1091 4440040000
1386 1029 1526 1092 Senonas

278 1127 395 1193 Annali
415 1129 483 1192 04044
506 1131 582 1192 4004.
611 1130 693 1190 4866
716 1149 748 1208 p.
770 1129 842 1189 489.

203 1235 254 1296 l5.
280 1234 437 1296 Cumae.
483 1229 563 1294 Vide
586 1250 617 1292 0.
646 1231 706 1292 467
731 1248 780 1311 sq.

202 1336 273 1398 460.
299 1335 510 1416 Neapolis.
558 1332 636 1397 Vide
660 1353 693 1396 n.
715 1334 786 1412 444,
805 1354 829 1395 r.

202 1440 252 1500 46.
279 1437 586 1500 Herculaneum.
641 1437 676 1497 ln
712 1443 793 1498 40000
826 1437 858 1496 in
895 1435 1051 1498 direzionc
1083 1436 1166 1499 dello
1197 1437 1251 1498 040
1282 1436 1364 1499 dello
1397 1439 1523 1502 Morino

281 1538 320 1600 47
343 1537 434 1618 Febr.
461 1537 541 1600 4873
574 1547 700 1618 reperta
734 1546 783 1599 est
816 1537 905 1616 glans
937 1537 1151 1618 anepigrapha
1181 1537 1326 1618 pendens
1360 1539 1437 1618 46,0
1460 1559 1521 1620 gn,

281 1643 372 1720 longa
395 1641 491 1720 0,0l,
523 1659 567 1702 cr.
593 1639 691 1718 0,646
715 1649 747 1702 04
770 1640 865 1718 6,62;
903 1639 978 1702 40440
1008 1659 1049 1702 ex
1081 1640 1223 1701 4744004.
1246 1641 1325 1700 4873
1358 1641 1391 1702 40
1415 1660 1524 1704 museo

277 1743 482 1824 Neapolitano
511 1761 544 1804 0.
571 1741 630 1801 446
661 1751 824 1819 servatur;
867 1741 907 1804 04.
941 1743 1043 1804 musei
1073 1743 1251 1804 Inventario
1281 1761 1342 1804 ms.
1378 1752 1409 1804 04
1441 1760 1524 1824 quac

277 1847 383 1908 notavi
406 1843 447 1906 ad
469 1862 503 1904 n.
523 1844 554 1922 6,
573 1865 613 1905 aa.

202 1945 252 2010 47.
279 1947 454 2026 Pompei.
508 1943 600 2025 Inde,
637 1945 664 2007 si
699 1945 817 2026 credis,
852 1947 998 2026 provenit
1031 1945 1120 2025 glans
1154 1947 1358 2027 inscriptione
1391 1964 1520 2028 carens,

277 2047 502 2129 100900628,
528 2065 623 2128 quam
646 2065 794 2110 museum
816 2047 1019 2110 Berolinense
1042 2065 1060 2108 a
1081 2047 1208 2110 Ternite
1235 2048 1354 2128 pictore
1387 2052 1521 2132 accepit.

278 2149 476 2214 FrIederichs
497 2150 621 2212 Berlins
650 2147 751 2213 004440
773 2146 946 2212 6446400040
968 2149 993 2210 44
1021 2147 1126 2230 (4874)
1152 2169 1185 2230 p.
1211 2149 1267 2212 244
1301 2168 1334 2212 0.
1361 2151 1456 2214 4434.
1480 2187 1524 2198 -

279 2250 327 2316 cf.
353 2251 393 2314 ad
416 2271 447 2314 n.
476 2253 505 2332 6,
524 2273 563 2316 40.

202 2355 252 2415 48.
282 2355 402 2418 Tarsi
438 2352 548 2435 (prope
571 2353 722 2435 Potenca).
777 2351 824 2415 lbi
855 2361 980 2434 reperta
1004 2360 1054 2424 cst
1078 2370 1141 2415 una
1164 2352 1254 2434 glans
1284 2371 1371 2416 nunc
1400 2366 1524 2419 servata

278 2459 311 2519 in
338 2475 446 2520 museo
477 2455 679 2534 Neapolitano
709 2474 743 2518 n.
762 2454 803 2518 72
819 2482 860 2510 =
878 2455 952 2517 248.
998 2453 1078 2517 Vide
1109 2454 1232 2517 Fiorelli
1264 2455 1408 2540 60404090
1430 2477 1463 2538 p.
1484 2460 1522 2522 42

282 2559 348 2640 (ubi
371 2561 440 2641 lege
465 2559 634 2637 ΕΥΗΘΙΔΑ).

203 2663 252 2722 ta.
282 2661 411 2743 609440
435 2657 642 2743 (Messapiae).
690 2660 737 2723 lbi
768 2679 797 2722 a.
825 2659 906 2721 4877
939 2657 1071 2742 glandes
1102 2659 1206 2721 XLVII
1233 2657 1327 2740 (XXX
1356 2662 1525 2742 anepigra-

280 2764 378 2844 phae,
414 2765 481 2828 XVI
504 2765 623 2827 Graece
654 2763 843 2844 inscriptae,
870 2764 882 2823 l
907 2763 1045 2824 incertae
1068 2759 1225 2844 lectionis)
1257 2771 1402 2844 repertae
1433 2773 1519 2826 sunt.

280 2863 391 2926 Edidit
412 2865 499 2928 Viola
528 2865 667 2948 94000040
693 2864 728 2927 di
749 2867 870 2947 Pompei
890 2866 928 2926 IV
951 2865 975 2946 (4
984 2863 1055 2946 878)
1083 2884 1115 2944 p.
1136 2863 1176 2924 76
1192 2882 1241 2944 sq.
1289 2865 1413 2928 Partem
1441 2865 1520 2928 vidi.

279 2967 314 3027 ln
346 2965 599 3046 quattuordecim
633 2967 789 3048 exemplis
820 2977 869 3030 004
904 2969 1062 3028 εΥΗΘΙΔΑ.
1098 3001 1142 3011 -—
1167 2967 1215 3028 Ex
1249 2965 1361 3029 eadem
1393 2969 1522 3050 regione

279 3067 465 3149 provenisse
487 3066 617 3131 videtur
632 3067 722 3148 glans
744 3069 847 3132 musei
870 3070 963 3130 civici
984 3069 1174 3150 Tergestioi,
1200 3086 1263 3148 quo
1285 3070 1374 3131 venit
1390 3090 1430 3132 ex
1452 3090 1525 3133 mu-

246 3194 250 3200 ·
278 3189 331 3232 seo
347 3170 551 3252 Ostrogovich
573 3187 671 3250 prope
694 3171 789 3231 40000
812 3169 948 3232 testibus
967 3169 1080 3232 Ottone
1095 3168 1260 3231 Benndori
1281 3179 1313 3232 et
1327 3172 1415 3233 Kuna
1442 3170 1523 3254 (lego

279 3272 312 3332 in
336 3289 373 3333 00
393 3269 563 3350 ΕΥΗΘΙΔΑ).

200 3375 252 3438 26.
277 3375 362 3436 Inter
386 3373 555 3436 6000000
578 3380 610 3434 04
633 3373 917 3436 60οι0ουὶ44004
942 3371 1042 3452 (prov.
1068 3371 1214 3454 Cosenza)
1243 3391 1310 3454 rep.
1344 3384 1419 3436 0004
1440 3373 1522 3438 duae

277 3475 485 3556 inscriptione
509 3483 664 3536 carentes.
713 3473 792 3536 Vide
814 3473 855 3537 ad
877 3495 910 3537 n.
930 3475 1001 3534 89*.

199 3578 253 3640 24.
278 3580 538 3657 Leucopetra.
584 3575 663 3640 Vide
686 3575 726 3638 ad
749 3596 781 3638 n.
801 3577 853 3637 64.

200 3682 273 3744 240.
303 3679 546 3762 [6040440000.
593 3679 670 3742 Inde
693 3679 862 3760 provenire
885 3697 917 3740 n.
936 3679 988 3756 64,
1007 3701 1019 3741 0
1043 3685 1214 3740 00000040
1238 3675 1401 3759 traditum]

200 3801 252 3862 22.
278 3800 313 3860 40
336 3799 478 3860 6404440
500 3807 629 3877 praeter
650 3799 776 3861 Latinas
799 3797 930 3878 glandes
953 3797 1074 3859 Pisonis
1089 3798 1218 3859 llennae
1245 3795 1518 3882 (60040094000004)

278 3903 423 3963 inventas
452 3918 515 3962 non
536 3918 656 3980 paucae
679 3901 885 3963 innotuerunt
908 3900 1055 3964 Graecae.
1095 3900 1210 3962 Earum
1233 3899 1314 3961 aliae
1338 3901 1403 3962 loco
1426 3920 1523 3983 supra

279 4001 372 4082 dicto,
398 4003 477 4064 aliae
500 4003 535 4062 in
550 4011 657 4063 monte
672 4003 786 4082 Eryce,
813 4003 892 4064 allae
912 4022 1010 4084 prope
1027 4003 1212 4064 Panormum
1236 4002 1269 4064 in
1292 4012 1397 4066 monte
1413 4003 1518 4084 Erote,

279 4106 359 4167 aliae
391 4105 423 4165 in
452 4122 527 4184 agro
549 4105 698 4165 Leontino
730 4113 875 4184 repertae
906 4114 991 4166 sunt.
1039 4104 1172 4166 VltImae
1195 4103 1279 4165 bello
1302 4124 1331 4166 a.
1351 4105 1520 4168 662-666

158 4193 161 4200 ’
280 4203 468 4269 tribuendas
496 4213 584 4286 patet
614 4224 655 4266 ex
682 4203 870 4268 Athenionis
899 4207 1025 4267 nomino
1055 4206 1208 4286 inscripto
1235 4203 1286 4288 (04.
1311 4207 1521 4270 Mommsenus

280 4309 373 4388 Corp.
398 4308 410 4368 l
433 4306 474 4370 ad
497 4307 581 4388 642).
629 4305 739 4370 Editae
762 4317 838 4370 sunt
859 4309 892 4369 40
915 4307 1009 4386 Corp.
1034 4307 1057 4368 I.
1083 4306 1139 4369 Gr.
1165 4307 1267 4382 8629;
1303 4306 1403 4386 6670,
1435 4309 1518 4371 6748

280 4421 312 4473 04
332 4409 373 4472 ab
395 4408 553 4472 Antonino
576 4410 699 4473 Salinas
728 4406 846 4471 Annali
864 4409 932 4472 dett
955 4409 1033 4470 4004.
1068 4408 1149 4470 4878
1179 4429 1211 4489 p.
1236 4408 1276 4468 30
1299 4427 1371 4489 sqq.
1405 4444 1443 4455 -
1473 4413 1521 4472 Ex

280 4514 361 4576 libro
383 4513 467 4576 Delta
494 4512 553 4574 dne
574 4530 685 4574 040000
711 4511 829 4574 antiche
850 4513 948 4574 004400
974 4510 1040 4573 0440
1061 4513 1158 4574 Beato
1185 4511 1522 4594 40094006441000400

279 4614 410 4697 glandes
424 4635 487 4678 non
504 4616 674 4695 Inscriptas
694 4613 736 4696 (40
751 4613 892 4697 84044404)
912 4623 1055 4695 repertas
1077 4632 1147 4676 esse
1162 4613 1350 4676 memoravit
1365 4615 1518 4696 Ficoroni,

278 4717 390 4779 Labico
408 4717 489 4780 4746
506 4735 538 4797 p.
560 4719 613 4779 86.
638 4713 679 4779 At
693 4715 768 4779 vide
783 4717 816 4778 in
840 4715 947 4778 Indice
962 4725 1127 4778 auctorum
1143 4736 1177 4796 p.
1191 4715 1287 4777 XLII:
1313 4715 1517 4780 6004040004.

278 4853 321 4866 -
338 4817 475 4882 Glandes
497 4821 682 4901 argillaceas
705 4820 738 4880 in
753 4819 861 4881 Sicilia
876 4825 1019 4898 repertas
1034 4818 1218 4897 Graeceque
1242 4818 1411 4900 inscriptas
1425 4839 1521 4901 prae-

279 4931 329 4985 ter
354 4921 432 4982 alios
462 4920 564 4984 edidit
592 4923 762 4984 Mommsen
790 4919 933 4984 Zeitscltr.
963 4917 990 5000 s.
1021 4917 1082 4982 lta.
1116 4920 1198 4980 4846
1227 4939 1260 5002 p.
1286 4921 1347 4982 783
1372 4937 1422 5000 sq.
1469 4921 1517 4984 64.

278 5043 311 5087 n.
339 5023 378 5085 46
402 5023 508 5086 adnot.
566 5024 707 5085 4444440040
735 5041 815 5084 0000
845 5041 899 5084 000
929 5020 1027 5084 404000
1056 5021 1220 5104 probabile
1249 5032 1298 5086 est
1332 5021 1426 5105 (Ball.
1451 5023 1520 5086 dell’

278 5129 354 5189 4004.
383 5123 594 5206 telepte,
618 5124 750 5187 Vischer
766 5123 919 5204 Schriften
941 5123 1070 5206 44244),
1098 5123 1276 5188 cuiusmodi
1299 5125 1361 5188 tela
1377 5124 1521 5188 adhibita

278 5247 347 5292 0000
381 5237 491 5290 narrat
520 5229 634 5290 600000
659 5226 693 5292 b.
726 5226 805 5289 Gall.
838 5226 868 5306 6,
894 5227 945 5306 ta,
978 5227 1103 5308 aliaque
1134 5229 1281 5310 exempla
1303 5229 1377 5289 licet
1407 5227 1521 5307 anepi-
