3772 5992
380 543 426 613 92
882 553 1041 604 04444000
1060 553 1214 604 04804444.

374 745 488 808 glandes
506 756 561 794 non
579 746 670 794 essent
688 757 776 808 nuper
794 742 905 793 demum
924 745 1034 794 incusae
1052 756 1161 803 omues,
1183 745 1273 792 404000
1292 754 1388 804 400000
1409 755 1443 791 ex
1460 744 1538 806 parta
1557 742 1636 802 talso;
1658 757 1721 794 nam

374 831 457 881 multe
485 833 579 880 insunt
602 844 618 882 a
644 828 812 892 Desjardinio
837 829 906 880 maie
930 829 1009 882 lecta.
1046 829 1231 892 Desjardinius
1255 830 1329 879 enim
1356 841 1409 879 nou
1433 827 1523 878 solum
1549 829 1575 878 in
1594 829 1719 894 plurimis

375 914 597 980 inscriptionibus
615 915 735 980 legendis
751 927 833 980 supra
855 927 936 980 quam
957 914 1139 980 credipotest
1159 914 1274 972 erravit,
1296 926 1391 964 verum
1411 915 1493 964 etiam
1511 915 1659 980 permultas
1678 916 1720 964 iu·

374 1002 534 1066 scriptiones
559 1002 802 1067 inscriptionumve
819 1001 949 1066 reliquias
967 1003 1107 1064 tamquam
1132 1003 1159 1050 in
1178 998 1322 1063 glandibus
1341 998 1436 1058 lectas,
1457 1011 1538 1065 saepe
1558 1013 1591 1048 00
1610 1000 1718 1052 dubita-

375 1088 476 1138 tionem
495 1087 607 1150 quidem
629 1086 782 1152 protessus,
808 1087 955 1138 delineavit
972 1085 1125 1150 ediditque,
1150 1098 1265 1150 quarum
1284 1097 1337 1136 nec
1357 1085 1447 1136 8040444
1466 1098 1517 1135 000
1532 1088 1672 1150 vestigium
1693 1089 1718 1136 in

374 1175 439 1238 ipsis
458 1176 562 1224 exstare
587 1172 708 1224 intellexi
726 1172 950 1224 confirmantibus
973 1173 1081 1232 eminis,
1106 1171 1207 1236 quibus
1224 1171 1370 1236 archetypa
1392 1173 1549 1222 monstravi.
1587 1174 1673 1237 44000
1692 1175 1718 1223 40

373 1264 487 1323 0440000
506 1272 534 1308 40
554 1262 609 1310 tam
628 1271 708 1324 saepe
733 1260 851 1310 0440040
870 1271 951 1324 opera
969 1259 1101 1322 peccavit,
1125 1259 1170 1308 vix
1188 1260 1217 1307 04
1234 1257 1349 1306 04404040
1369 1257 1433 1308 huic
1452 1270 1500 1321 per
1517 1257 1673 1322 exemplum
1692 1261 1718 1308 in

374 1346 500 1396 universa
520 1358 549 1394 ra
568 1344 740 1409 epigraphiea
765 1345 877 1410 reperiri
896 1349 976 1408 queat
1001 1344 1052 1394 nisi
1071 1342 1139 1393 torte
1159 1343 1226 1394 tituli
1240 1343 1410 1394 Festinanses
1426 1343 1570 1394 abeodem
1588 1343 1667 1403 editi,
1684 1344 1718 1394 dc

372 1429 472 1494 quibus
491 1430 615 1495 exposuit
632 1431 815 1481 Mommsenns
834 1431 860 1480 40
879 1429 993 1494 Ephem.
1009 1431 1094 1492 epigr.
1109 1429 1132 1478 11
1149 1443 1176 1493 p.
1191 1430 1239 1478 884
1254 1442 1313 1492 sqq.
1342 1428 1453 1492 Singula
1471 1429 1499 1482 h.
1514 1429 1530 1478 l.
1546 1431 1671 1495 persequi
1685 1445 1718 1481 00

374 1517 463 1566 minus
475 1527 543 1579 opus
561 1517 611 1577 ost,
631 1515 704 1578 quod
722 1515 846 1580 exempla
864 1528 880 1565 0
899 1529 943 1565 400
962 1516 989 1566 40
1008 1527 1107 1565 comm.
1123 1527 1165 1564 00.
1185 1517 1251 1563 4878
1270 1527 1298 1578 p.
1321 1515 1369 1562 474
1387 1527 1447 1579 sqq.
1468 1517 1618 1580 composite
1642 1515 1718 1568 sulii-

372 1603 448 1651 ciunt
466 1603 493 1652 04
510 1601 583 1665 0000
601 1613 695 1651 omues
716 1600 915 1664 aDesjardiniu
927 1599 1146 1651 Desideratorum
1165 1598 1337 1649 inscientiae.
1353 1602 1378 1649 8.
1395 1602 1419 1649 4.
1440 1603 1454 1649 8
1474 1599 1560 1650 004400
1579 1602 1717 1666 400044044-

372 1700 438 1738 0000
463 1687 570 1752 0004400
594 1699 653 1737 0000
678 1699 751 1737 0000
775 1689 881 1737 0000404
898 1699 930 1736 00
954 1689 1095 1752 praeterea
1119 1685 1282 1750 archetypa,
1307 1697 1378 1747 quae
1402 1684 1543 1736 4040044004
1560 1686 1719 1739 adhibuisse

373 1787 446 1824 nunc
470 1774 686 1824 demonstratum
712 1777 765 1834 est,
791 1775 831 1824 tol
848 1772 978 1823 lectiones
1002 1771 1222 1834 Desjardinianas
1238 1783 1288 1835 004
1306 1783 1335 1820 00
1358 1769 1516 1834 404040044).
1536 1799 1570 1808 -
1588 1775 1718 1838 80404400

373 1873 436 1909 4040
456 1861 561 1908 tanturn
580 1856 661 1917 atuil,
683 1861 714 1908 ut
731 1871 774 1908 mo
793 1860 948 1908 monentem
967 1857 1089 1916 audiret,
1115 1857 1147 1906 ut
1164 1857 1246 1906 etiam
1267 1857 1357 1907 acrius
1374 1869 1487 1906 suarum
1511 1858 1621 1922 quidem
1640 1859 1716 1922 glau-

371 1947 448 1996 dium
460 1946 646 1995 sinceritatem
660 1945 794 1994 assereret
811 1956 924 2008 easque,
942 1944 1052 1992 interim
1065 1943 1143 1992 novis
1155 1941 1277 1993 eiusdem
1291 1941 1416 1992 04004000
1426 1943 1600 1994 incrementis
1613 1948 1715 2004 auctas,

371 2031 460 2082 denuo
480 2029 572 2080 libello
590 2029 745 2092 lmcbristen
762 2030 905 2079 remissior
923 2029 1211 2091 Schlcudergeaclosre,
1239 2027 1343 2092 Lipsiae
1368 2024 1474 2091 48784),
1498 2030 1525 2078 40
1545 2030 1633 2080 lucem
1653 2044 1718 2094 pro-

372 2118 462 2180 terret,
483 2116 517 2168 ad
536 2115 716 2166 contumelias
734 2113 919 2174 descendens,
945 2127 1015 2178 quae
1038 2119 1069 2164 ut
1087 2117 1161 2164 certo
1179 2117 1242 2164 suut
1260 2113 1366 2164 liberali
1384 2113 1494 2164 homine
1513 2115 1652 2179 indignae,
1681 2119 1716 2168 ite

372 2216 438 2254 num
456 2205 619 2267 provocatae
638 2199 738 2250 tuerint
754 2201 981 2251 commentatione
1006 2212 1066 2250 mea
1085 2199 1232 2250 sententias
1255 2199 1329 2260 eius,
1356 2211 1409 2250 000
1429 2199 1519 2264 400004
1537 2201 1715 2265 impugnanti,

371 2288 482 2340 arbitrio
500 2287 621 2340 cuiusvis
634 2285 844 2337 existimandum
858 2285 990 2349 relinquo.
1014 2285 1161 2348 Berginium
1173 2284 1282 2335 0004004
1296 2297 1419 2348 sagacem
1432 2285 1603 2349 ingeniosum
1622 2300 1717 2338 omnes

370 2376 468 2424 merito
481 2373 660 2432 admirantur,
687 2385 719 2424 eo
738 2372 824 2438 magis
842 2375 932 2422 autam
951 2370 1098 2421 dolendum
1112 2374 1152 2421 est
1164 2371 1282 2422 eundem
1301 2371 1394 2421 neseio
1407 2361 1462 2434 quo
1474 2372 1564 2422 animo
1578 2371 1715 2422 interdum

371 2466 554 2510 transversum
572 2463 664 2509 004040
683 2470 730 2507 000
750 2459 839 2522 400004
852 2459 949 2508 marita
961 2457 1161 2508 obscuravisse.
1175 2483 1211 2494 -
1228 2457 1265 2506 De
1279 2455 1448 2520 Desjardiuiu
1460 2459 1488 2506 04
1500 2457 1612 2520 8040440
1630 2471 1715 2508 unum

367 2545 468 2596 addam
480 2544 543 2594 hoc.
563 2544 593 2592 ln
603 2543 806 2594 commentariis
817 2544 914 2592 minor.
927 2542 1003 2594 0000.
1015 2542 1104 2594 440404.
1119 2546 1185 2592 4878
1199 2555 1226 2606 p.
1237 2544 1281 2592 474
1296 2555 1355 2607 sqq.
1368 2555 1431 2593 cum
1445 2543 1541 2601 muita,
1561 2556 1633 2606 quae
1645 2544 1715 2594 male

370 2632 478 2694 legisset
490 2628 686 2693 Desjardinius,
707 2629 872 2679 notavissem
884 2632 910 2680 et
929 2629 1117 2690 contexissem,
1138 2641 1171 2678 ex
1183 2628 1260 2690 longa
1279 2641 1402 2679 errorum
1421 2628 1491 2679 00440
1509 2629 1576 2678 haec
1594 2630 1717 2694 exempla

370 2730 413 2766 me
425 2715 547 2782 prolerre
566 2713 712 2778 praetatus,
733 2714 918 2778 Desjardintus
937 2713 1002 2765 tasc.
1018 2717 1031 2764 4
1046 2727 1072 2778 p.
1085 2719 1117 2765 88
1135 2726 1229 2765 eorum
1248 2726 1371 2764 errorum
1390 2718 1466 2779 00440
1478 2727 1559 2779 parva
1573 2714 1717 2767 emendata

369 2803 507 2864 04004000
525 2796 733 2862 004404040404),
753 2797 883 2850 fasciculo
903 2803 916 2848 8
939 2799 1019 2859 400440
1039 2814 1075 2850 m.
1091 2799 1158 2850 lulio
1178 2799 1254 2861 4878)
1275 2803 1350 2865 088
1372 2812 1416 2850 400
1438 2799 1620 2865 reprehendit,
1642 2801 1716 2865 0000

369 2901 419 2949 ego
432 2887 481 2936 4400
494 2897 603 2937 0440400
615 2887 751 2936 notassem
764 2887 826 2935 aute
836 2897 918 2950 quam
931 2887 1016 2936 004044
1028 2885 1248 2936 Desideratorum
1259 2883 1381 2935 fasciculi
1390 2885 1565 2950 prodiissent;
1587 2887 1716 2949 80404400

370 2987 432 3024 mox
452 2971 532 3036 (8044.
547 2974 612 3020 4878
627 2984 652 3036 p.
666 2975 697 3020 48
717 2973 785 3033 004.)
805 2984 848 3021 400
868 2971 980 3034 notavit,
1000 2971 1145 3035 0000000
1164 2983 1259 3021 omnes
1276 2971 1438 3034 Desjardiuli
1457 2985 1563 3022 errores
1581 2975 1717 3024 00440440-

367 3057 464 3122 004444),
484 3058 549 3122 0040
568 3057 642 3120 0000
660 3071 687 3122 p.
704 3060 752 3108 488
772 3057 819 3130 linp
832 3061 864 3106 88
886 3056 930 3118 (cl.
950 3070 977 3121 p.
992 3060 1033 3119 84)
1051 3056 1155 3121 0400040
1175 3055 1234 3118 tit,
1250 3060 1295 3106 484
1318 3057 1462 3108 lectionem
1480 3062 1603 3121 optergo,
1631 3072 1714 3123 quem

367 3161 382 3197 0
395 3158 439 3195 040
452 3143 664 3194 demonstratam
679 3145 847 3206 (Monotsher.
864 3146 877 3191 8
892 3143 941 3193 lui.
957 3146 1022 3192 4878
1036 3157 1063 3207 p.
1076 3146 1139 3202 474;
1160 3141 1194 3192 cl.
1210 3141 1276 3192 40440
1289 3156 1314 3206 p.
1332 3142 1391 3204 488)
1410 3143 1595 3205 Desjardinius
1607 3145 1715 3195 interim

369 3231 442 3294 (taso.
460 3231 483 3291 4,
499 3241 592 3280 400000
604 3229 755 3295 Septembri
770 3243 795 3280 a.
809 3232 873 3279 4878
886 3229 993 3280 Parisiis
1008 3229 1090 3292 00440,
1108 3229 1208 3292 corrig.
1221 3241 1248 3292 p.
1257 3229 1299 3290 88)
1312 3234 1460 3293 receperat,
1478 3243 1521 3280 me
1534 3232 1595 3294 0004
1606 3231 1716 3295 Desjar-

365 3317 470 3368 dinium
491 3316 569 3379 quasi
591 3328 683 3366 meum
701 3316 841 3366 inventum
860 3313 978 3364 edidisse
997 3314 1174 3364 insimulavit.
1196 3339 1231 3350 -
1253 3313 1299 3363 tiis
1321 3327 1390 3378 quae
1415 3316 1576 3364 necessitate
1601 3319 1712 3368 coactus

367 3401 479 3452 uberius
492 3402 615 3465 0400004,
629 3399 801 3464 00444000000
820 3400 954 3463 quaedum
972 3403 1036 3450 sunt
1059 3399 1093 3450 da
1111 3399 1244 3463 llephaele
1263 3400 1419 3450 Gerruocio.
1458 3399 1621 3454 6044000400
1639 3406 1714 3467 0004-

367 3499 449 3550 quam
473 3499 489 3534 0
509 3485 623 3548 bergile
641 3499 664 3534 a.
685 3489 750 3534 4878
769 3483 881 3548 glandes
898 3485 1136 3548 Desierdiuianae,
1156 3499 1170 3534 0
1190 3497 1233 3534 400
1253 3487 1306 3535 4004
1325 3485 1476 3550 hecquem
1496 3486 1660 3548 Bergistanos
1686 3489 1712 3538 in

367 3572 551 3637 suspicionem
571 3569 745 3621 8000400804
765 3570 908 3620 damnatae
933 3571 996 3620 0004
1017 3569 1185 3632 (4400040404.
1207 3573 1272 3620 4878
1292 3570 1466 3634 084000),
1492 3570 1608 3635 0004000
1626 3585 1642 3622 0
1660 3573 1713 3623 Ga-

366 3657 473 3708 briellio
492 3659 519 3706 et
531 3669 575 3706 me
587 3669 611 3706 a.
625 3659 690 3706 4877
711 3668 747 3705 m.
761 3655 834 3720 Sept.
849 3655 941 3706 Asculi
951 3655 987 3720 in
1000 3654 1069 3704 hauc
1085 3668 1142 3706 rem
1157 3654 1302 3718 diligenter
1316 3655 1475 3728 inquisitum
1491 3657 1625 3707 00444004
1643 3659 1713 3709 4000

438 3814 461 3874 4)
489 3811 557 3872 Quid
579 3809 703 3860 talsariue
727 3811 799 3876 ipse,
824 3809 943 3875 optimus
961 3822 1026 3860 sane
1049 3809 1144 3870 iudex,
1171 3809 1206 3860 00
1225 3810 1428 3873 Desjerdiniaua
1447 3810 1585 3862 4400040444
1602 3824 1712 3862 suarum

369 3896 488 3948 00444000
506 3897 631 3959 senserit,
653 3894 722 3946 intra
740 3895 970 3947 commemorabo.

406 4011 408 4018 ·
437 3981 461 4044 8)
483 3979 522 4032 ct.
537 3981 721 4030 Mommsenus
741 3982 767 4030 in
786 3981 960 4046 ephemeride
974 3981 1012 4030 404
1029 3994 1113 4032 neuen
1132 3981 1208 4032 4404044
1226 3984 1303 4043 4870,
1318 3981 1341 4029 ll
1358 3995 1385 4045 p.
1401 3984 1449 4030 447
1464 3994 1524 4046 000,

438 4066 459 4130 8)
482 4067 607 4130 Magnam
622 4079 716 4116 earum
736 4066 945 4131 inscriptionum
957 4067 1074 4132 0004040,
1094 4079 1161 4130 0000
1180 4067 1237 4131 4000
1255 4065 1389 4117 004044000
1406 4066 1459 4118 sibi
1473 4070 1546 4119 visus
1564 4073 1629 4132 erat,
1644 4081 1713 4134 quae

366 4159 457 4205 4044400
476 4153 588 4203 omnino
607 4165 661 4202 non
680 4153 786 4202 exstent
804 4152 831 4200 in
850 4151 1004 4215 glandibus,
1027 4154 1054 4202 iu
1073 4151 1245 4216 corrigendis
1263 4152 1317 4202 iliis
1336 4166 1389 4202 uon
1408 4155 1504 4218 attigit.

436 4241 459 4300 4)
480 4240 621 4289 Praeterea
640 4237 713 4302 quod
733 4238 924 4301 inscriptiones
943 4239 1015 4289 lectu
1034 4237 1158 4289 diiticiles
1183 4251 1226 4288 me
1245 4238 1365 4302 attigisse
1384 4242 1506 4304 negavit,
1526 4241 1632 4305 0040040
1651 4254 1712 4292 0004

367 4325 420 4378 lulli
440 4325 513 4376 haud
531 4337 618 4390 peuce
638 4329 665 4374 et
682 4323 717 4375 ab
736 4323 906 4387 Desierdinio
926 4327 952 4374 et
971 4338 986 4374 a
1005 4324 1120 4388 44040440
1140 4325 1197 4390 4000
1216 4325 1306 4374 0444400
1326 4327 1398 4376 recte
1420 4325 1489 4376 lecta
1507 4326 1711 4388 demonstraot;

366 4425 407 4463 04.
420 4424 460 4474 gr.
476 4409 534 4472 eit,
551 4415 600 4460 488
613 4413 647 4464 04.
667 4421 834 4463 4448444484.
852 4409 916 4471 40044
940 4410 1021 4472 best,
1048 4410 1122 4460 idem
1148 4412 1240 4475 postea
1266 4408 1331 4460 tesc.
1346 4413 1359 4460 4
1381 4422 1544 4466 totvttttvs
1566 4405 1711 4470 ‘correxit’,

366 4507 434 4550 008
454 4507 537 4550 448844
561 4495 690 4559 80404400
707 4509 770 4547 000.
786 4495 870 4545 liban.
884 4499 914 4544 58
928 4510 955 4560 p.
968 4499 1000 4545 48
1020 4509 1081 4545 cum
1100 4495 1217 4558 legisset,
1238 4508 1302 4546 mox
1320 4509 1409 4546 meam
1428 4498 1573 4547 lectionem
1587 4498 1714 4560 (4400040-

365 4583 476 4632 tericbte
495 4585 561 4630 4878
587 4584 671 4646 0474
693 4581 756 4643 4404.)
783 4591 954 4635 0408404844
977 4582 1034 4644 4000
1060 4579 1225 4644 8044000040.
1247 4594 1274 4646 p.
1302 4585 1350 4631 448
1380 4584 1490 4647 recapit.
1540 4581 1616 4632 idem
1640 4582 1712 4633 004

366 4680 391 4732 p.
406 4669 437 4716 84
457 4679 509 4716 000
530 4668 604 4716 40040
629 4667 732 4730 4000404
755 4677 902 4732 84404408,
926 4680 1006 4731 000444
1026 4679 1147 4717 04404004
1166 4668 1249 4718 044040
1268 4667 1454 4734 lithographns
1473 4671 1532 4719 eins
1550 4671 1577 4720 in
1597 4669 1713 4732 imagine

364 4757 417 4802 4040
438 4753 479 4804 00.
493 4755 502 4802 4
522 4767 603 4817 quam
624 4753 668 4804 ed.
682 4755 706 4804 lt
725 4754 846 4804 exhibuit
860 4752 902 4816 (et.
917 4755 1044 4804 44000448.
1061 4755 1125 4804 4878
1141 4766 1165 4816 p.
1184 4755 1258 4817 474);
1280 4755 1424 4818 postquam
1438 4759 1528 4806 autem
1542 4754 1609 4806 ibid.
1623 4769 1649 4820 p.
1663 4758 1712 4806 478

363 4850 460 4888 verum
479 4849 619 4893 80404800
637 4852 686 4902 000
705 4838 898 4900 000400044084,
919 4841 945 4889 40
965 4840 1093 4889 00040440
1112 4838 1271 4889 editionisil
1291 4853 1317 4902 p.
1331 4843 1379 4888 488
1394 4854 1433 4905 sq.
1452 4840 1521 4892 hanc
1539 4851 1558 4892 τ
1576 4840 1711 4906 probavit,

364 4927 486 4976 ceterum
504 4938 576 4974 ame
602 4927 753 4975 correctam
775 4937 835 4974 asse
859 4928 965 4986 tacens,
991 4925 1039 4975 000
1063 4937 1183 4974 04404004
1209 4925 1276 4974 044444
1301 4927 1327 4974 40
1352 4941 1378 4976 v.
1393 4929 1517 4990 sequenti
1536 4928 1711 4990 insimulans,

364 5015 412 5080 qui
430 5013 521 5065 nuilus
533 5016 582 5064 est.
612 5013 681 5064 Nam
694 5013 711 5062 i.
728 5013 745 5065 l.
761 5026 814 5064 non
836 5023 928 5069 “cous
952 5010 1035 5074 edidi,
1056 5016 1085 5062 ut
1097 5011 1226 5076 80404400
1240 5012 1308 5062 80144.
1324 5027 1349 5076 p.
1363 5018 1394 5063 88
1414 5014 1529 5076 iudicat,
1550 5015 1598 5066 sed
1617 5023 1712 5068 ”solu

364 5115 451 5168 eoque
470 5101 598 5166 reliquias
611 5103 675 5152 satis
694 5104 822 5152 accurate
835 5099 953 5161 reddidi,
973 5096 1101 5148 videlicet
1114 5100 1192 5162 typis.
1210 5099 1353 5164 inscriptio
1369 5101 1442 5150 enim
1460 5101 1562 5166 4040040
1575 5100 1714 5162 (sciliceta

364 5190 473 5242 falsario
494 5188 617 5252 conficta)
637 5191 678 5239 est
696 5199 807 5241 44844844
830 5189 938 5252 (comm.
954 5185 1031 5238 acad.
1048 5187 1115 5234 4874
1125 5198 1151 5251 0.
1166 5187 1206 5247 ee)
1222 5199 1276 5236 non
1290 5189 1319 5236 ut
1333 5189 1438 5251 putavit
1451 5188 1580 5252 Bergkius
1599 5197 1713 5241 44004884

364 5281 411 5329 004
429 5287 546 5331 trattati.
