3706 5976
366 545 411 616 12
844 557 1003 609 0040000
1024 556 1228 608 0400000000

362 756 516 826 vestigium
536 746 570 828 (e)
592 754 756 810 servavisse
772 753 858 808 etiam
873 753 948 810 Plori
964 751 1095 810 codicem
1112 754 1255 824 optimum
1270 751 1526 824 bambergensem.
1566 754 1588 807 L
1605 751 1714 811 omissa

364 863 407 915 est
427 873 493 913 cum
516 872 694 930 praenomen
716 871 782 912 esse
802 861 963 926 putaretur.
982 885 1025 896 —
1041 855 1184 911 Palsarius
1199 854 1317 927 quidem
1333 853 1496 912 Asculanus
1515 856 1606 912 iorma
1622 856 1713 927 vulgo

361 967 478 1030 recepta
502 975 574 1016 usus
597 962 626 1015 40
649 957 849 1030 compluribus
871 957 1025 1030 glandibus
1047 958 1157 1014 incndit
1179 958 1251 1015 baec
1274 962 1337 1015 sive
1356 959 1443 1028 plene
1466 961 1528 1014 sive
1551 975 1585 1015 ex
1609 965 1705 1032 parte:

363 1064 393 1120 Τ.
408 1065 512 1138 Afron.
537 1056 583 1139 (de
606 1061 715 1134 quibus
732 1061 797 1118 vide
819 1059 856 1117 ad
872 1061 996 1132 0000400,
1024 1077 1069 1117 ex.
1089 1077 1133 1133 gr.
1152 1078 1181 1117 n.
1203 1058 1269 1130 8⁴⁴³,
1291 1055 1339 1136 10).
1357 1091 1400 1102 —
1415 1061 1546 1119 Eundem
1561 1061 1712 1120 Afranium

366 1163 441 1242 (eam
466 1169 543 1224 enim
566 1167 688 1224 lormam
717 1180 817 1221 veram
844 1160 965 1240 0040044)
993 1163 1029 1221 05
1053 1163 1156 1222 000040
1181 1170 1210 1234 5,
1234 1169 1269 1222 48
1294 1157 1311 1242 §
1335 1171 1371 1223 48
1402 1167 1557 1223 memorari
1587 1167 1712 1224 coniecit

359 1272 500 1343 Bergkius
522 1270 599 1326 Sciit.
618 1287 648 1341 p.
668 1273 719 1338 44,
745 1268 895 1340 vulgatam
916 1269 1070 1325 lectionem
1093 1285 1156 1324 0000
1173 1269 1284 1325 Franco
1307 1271 1337 1324 40
1359 1285 1422 1325 cnm
1437 1269 1557 1343 Afranio
1581 1275 1707 1326 ιο04000.

361 1375 412 1431 Cui
436 1375 564 1446 opinioni
587 1373 682 1430 minus
705 1370 822 1444 quidem
846 1369 957 1442 obstat,
984 1371 1063 1442 quod
1085 1371 1197 1428 Franco
1219 1373 1332 1443 004400,
1358 1377 1391 1428 04
1417 1387 1511 1443 nuper
1534 1387 1586 1442 ego
1609 1372 1706 1442 docui,

363 1477 504 1534 exhibent
526 1475 653 1541 codices,
680 1475 731 1532 sed
755 1477 872 1532 omuino
895 1474 1058 1532 excluditur
1080 1489 1125 1542 00,
1145 1473 1223 1546 quod
1240 1475 1376 1532 italorum
1398 1474 1456 1531 dua
1479 1475 1527 1531 ille
1550 1477 1607 1532 iam
1630 1491 1712 1532 mor-

361 1589 429 1637 tuus
454 1585 526 1636 0004.
573 1578 711 1648 lierglrius
734 1578 810 1633 euim
833 1576 976 1650 proelium
992 1578 1157 1634 Firmanum
1177 1569 1293 1652 (Appl
1318 1581 1373 1646 473
1401 1577 1487 1635 Oros.
1506 1570 1523 1654 §
1543 1582 1580 1635 44
1596 1599 1639 1625 =
1654 1578 1711 1634 Pe-

361 1684 459 1741 riocha
485 1685 523 1739 44
549 1673 639 1758 init),
666 1683 712 1738 cui
735 1683 878 1738 successit
899 1680 1012 1738 obsidio
1028 1679 1180 1750 Asculana‚
1207 1681 1336 1738 confudit
1359 1697 1425 1738 cum
1448 1697 1544 1753 pugna
1567 1680 1710 1738 Asculana

367 1781 426 1860 (Or.
446 1779 463 1863 §
484 1791 520 1843 l8
545 1807 587 1832 =
609 1785 673 1840 Per.
694 1787 732 1840 44
757 1777 863 1858 med),
896 1789 962 1855 post
984 1800 1072 1856 quam
1095 1783 1200 1840 Strabo
1222 1785 1316 1840 victor
1337 1784 1478 1856 oppidum
1503 1787 1590 1857 cepit.
1638 1784 1710 1839 Nam

361 1889 410 1944 illa
432 1890 530 1960 priore
546 1887 708 1942 50400οἱ0ιο
732 1886 874 1943 cecidisse
891 1886 999 1942 diserte
1018 1886 1135 1942 tradidit
1149 1885 1308 1958 Appianas,
1335 1903 1390 1943 uec
1413 1889 1509 1944 miuus
1531 1893 1643 1944 certum
1667 1894 1710 1943 est

363 1991 498 2048 Orosium
521 1983 538 2067 §
557 1993 692 2058 ta-ai‚
717 1989 770 2046 ubi
786 1990 888 2046 Franci
903 1995 1027 2046 moriem
1049 2006 1106 2046 000
1123 2006 1190 2046 cum
1205 1991 1324 2060 proeliis
1343 2006 1401 2047 uno
1418 1991 1578 2048 Marsorum
1600 1989 1711 2048 altero·

361 2111 419 2166 que
443 2081 555 2151 ‘eadem
579 2079 637 2150 die'
659 2093 812 2149 commisso
835 2093 995 2148 Picentium
1021 2099 1050 2148 et
1072 2092 1161 2150 nobili
1184 2093 1314 2150 Vidacilii
1336 2093 1417 2150 obitu
1440 2100 1591 2166 memorat,
1618 2099 1711 2170 signi-

361 2200 449 2256 ficare
472 2199 559 2254 linem
581 2195 752 2264 Asculacae,
779 2211 836 2252 000
859 2196 1008 2252 Firmanae
1031 2195 1204 2254 obsidionis.
1246 2197 1378 2268 Denique
1400 2197 1479 2268 quod
1501 2201 1597 2255 minus
1619 2216 1712 2257 accu-

361 2307 422 2360 rate
451 2302 561 2358 4400000
591 2299 697 2354 dixisse
728 2296 863 2354 Orosium
895 2301 988 2370 arguit
1016 2298 1172 2368 BerglriuS,
1210 2301 1273 2354 eius
1307 2300 1351 2354 rei
1383 2306 1585 2370 argumentum
1616 2303 1710 2360 attulit

362 2404 491 2466 nullum;
528 2403 689 2459 Marsorum
718 2407 814 2457 autem
843 2403 1020 2457 mentionem
1048 2417 1106 2459 000
1129 2400 1232 2458 Oresio
1255 2401 1357 2458 deberi
1385 2402 1438 2458 sed
1462 2403 1541 2460 Livio
1563 2404 1705 2476 breviato,

361 2523 450 2578 quem
480 2505 528 2562 ille
558 2504 743 2574 compilavit,
776 2504 915 2560 Periocha
943 2497 981 2578 (p.
1002 2506 1053 2570 45,
1076 2509 1092 2560 9
1116 2497 1199 2580 Jahn)
1227 2521 1261 2560 ex
1285 2505 1387 2562 eadem
1417 2508 1542 2578 epitoma
1573 2515 1709 2580 excerpta

367 2605 415 2685 (cl.
447 2608 541 2665 Praei.
575 2607 611 2663 ad
644 2605 777 2664 Orosium
811 2623 840 2678 p.
871 2607 950 2662 XXV
983 2613 1016 2663 et·
1044 2607 1210 2681 Festschrift
1241 2625 1295 2663 zur
1326 2609 1439 2665 Karlsr.
1470 2609 1707 2682 Philolopenoers.

365 2717 444 2770 4884
469 2728 498 2783 p.
520 2715 558 2768 89
575 2703 653 2786 sqq.)
682 2709 778 2766 docet.

361 2908 408 2976 3a
426 2911 581 2993 [=Corp.
601 2917 641 2971 lll
664 2933 695 2972 n.
716 2921 808 2984 6686,
829 2909 860 2990 ιι]
898 2921 907 2971 4
937 2931 1001 2986 rep.
1025 2917 1053 2970 in
1078 2915 1238 2972 Castellano
1270 2910 1308 2990 [a.
1332 2920 1409 2974 4844
1439 2925 1535 2989 empta
1561 2938 1578 2976 a
1608 2936 1709 2978 museo

447 3019 601 3093 Asculano,
627 3018 678 3076 ubi
702 3025 794 3074 exstat
816 3034 844 3074 0.
869 3013 977 3091 4440];
1005 3019 1113 3089 pendet
1136 3023 1175 3076 55
1199 3035 1242 3090 gr.

408 3127 424 3178 4
451 3116 491 3198 [40
514 3137 615 3179 museo
638 3120 781 3178 Asculano
805 3137 835 3177 n.
858 3125 949 3190 48444,
976 3127 1073 3193 empta
1096 3139 1123 3177 0.
1146 3115 1256 3197 {arip
1283 3121 1372 3194 pend.
1402 3125 1439 3180 49
1463 3139 1507 3195 gr.

762 3307 838 3348 lTAtl
876 3286 889 3366 Ι
926 3295 955 3348 in
982 3297 1014 3348 l:
1067 3302 1306 3352 pugionutgnuaun

364 3488 373 3540 4
403 3482 474 3539 Tab.
495 3484 507 3538 l
526 3487 574 3540 44.
622 3482 779 3551 Descripsi.
820 3481 943 3536 litterae
962 3494 977 3536 ι
993 3481 1073 3536 hasta
1089 3480 1208 3537 40400400
1223 3482 1353 3538 00004544
1368 3497 1484 3539 sursum
1500 3483 1635 3540 inclinata
1652 3492 1705 3540 est.

362 3585 576 3644 4405145.
622 3586 787 3656 Descripsi:
822 3569 926 3653 40000.
967 3584 1072 3638 Flnalis
1096 3598 1103 3638 1
1127 3584 1255 3653 paullum
1271 3584 1390 3641 distorta
1413 3592 1442 3642 et
1457 3587 1587 3644 foramen
1603 3589 1710 3644 404004

404 3695 432 3744 et
456 3703 463 3742 ι
486 3689 593 3744 4004οι0
616 3693 660 3744 004
681 3686 786 3758 glande
808 3685 903 3742 inlisa.
943 3688 975 3742 40
997 3693 1079 3758 00040
1102 3703 1203 3742 aversa
1222 3690 1371 3757 vestigium
1393 3695 1469 3744 00404
1490 3690 1612 3746 40040000
1629 3693 1709 3747 0400-

403 3791 470 3846 dem
495 3791 603 3861 figurae
625 3797 713 3860 atque
735 3792 765 3844 in
785 3794 811 3844 4.

359 3986 404 4054 34
424 3991 579 4070 [=Corp.
598 3995 639 4051 lX
662 4011 692 4050 ιι.
713 4000 806 4066 6886,
826 3989 867 4068 ιιι]
909 4000 918 4050 4
947 4011 1009 4067 rep.
1038 3997 1068 4050 in
1090 3995 1251 4053 castellano
1276 3989 1365 4070 [nunc
1388 3999 1417 4054 40
1440 4014 1541 4054 museo
1564 3997 1708 4056 Asculano

446 4115 477 4156 0.
499 4102 591 4169 4444,
623 4105 718 4168 empta
742 4115 769 4154 0.
793 4091 898 4172 istil.
947 4098 1054 4154 Pendet
1084 4101 1122 4154 59
1147 4115 1204 4170 gr.;
1237 4098 1400 4172 robiginem
1425 4100 1515 4158 habet
1540 4101 1704 4158 subalbam.

405 4206 420 4256 4
445 4217 510 4271 rep.
536 4203 566 4256 iu
588 4200 749 4258 castellano
779 4193 869 4275 [nunc
892 4202 920 4256 in
942 4217 1044 4258 museo
1067 4199 1210 4258 Asculano
1239 4219 1267 4257 0.
1298 4207 1389 4271 4666,
1417 4209 1513 4274 empta
1540 4221 1567 4259 a.
1597 4197 1704 4280 48734

446 4303 554 4359 Pendet
579 4305 617 4360 54
642 4319 686 4375 gr.
733 4302 874 4374 Robigiue
897 4302 962 4359 alba
985 4301 1099 4361 obtecta
1123 4309 1166 4360 est
1187 4309 1258 4361 tota.

405 4410 421 4462 8
446 4421 510 4477 000.
535 4407 565 4462 40
588 4405 745 4463 8004044000
772 4402 862 4480 [0000
886 4407 916 4461 40
938 4421 1038 4463 museo
1062 4405 1206 4464 Asculano
1229 4423 1259 4464 0.
1283 4400 1388 4483 44364
1430 4409 1519 4465 Peud.
1540 4413 1577 4466 55
1595 4424 1639 4480 gr.

888 4592 964 4633 irati
1009 4583 1058 4634 aut
1103 4592 1169 4633 irat

362 4771 372 4823 4
401 4765 472 4822 Tab.
492 4767 503 4821 l
523 4771 571 4824 44.
619 4767 782 4838 Descripsi:
824 4780 897 4821 nan
915 4765 966 4822 ubi
989 4781 1065 4837 pone
1083 4781 1096 4820 0
1113 4767 1268 4836 vestigium
1290 4767 1401 4823 litterae
1417 4783 1425 4822 1
1441 4771 1583 4826 incertum
1599 4773 1704 4825 exstat.

360 4873 376 4930 2
401 4869 471 4926 Tab.
492 4870 573 4927 444.
618 4871 783 4941 Descripsi:
825 4883 916 4930 ιτΑυ.
963 4870 1040 4926 llaec
1070 4867 1172 4925 eadem
1202 4870 1293 4926 iorma
1322 4886 1459 4940 expressa
1490 4879 1533 4928 est
1562 4877 1649 4944 atque
1676 4877 1703 4939 4,

401 4971 455 5028 sed
485 4973 547 5028 sive
577 4974 607 5028 40
637 4973 785 5029 fundendo
810 4971 932 5044 plumbo
958 4973 1020 5028 sive
1042 4978 1143 5044 postea
1173 4971 1277 5044 glande
1301 4973 1383 5031 inlisa
1407 4975 1513 5032 iactum
1544 4983 1604 5046 004,
1638 4979 1669 5030 04
1693 4987 1709 5028 ι

402 5074 540 5131 deorsum
563 5073 740 5131 flecteretur.

360 5181 376 5233 8
401 5179 562 5248 Descripsi:
605 5191 645 5232 ιτι
666 5191 684 5234 ιι
706 5179 726 5232 4.
746 5193 773 5232 0.
800 5189 877 5231 nau
905 5182 954 5232 aut
976 5188 1054 5234 ιτΑι.
1101 5177 1245 5235 Posterior
1268 5195 1335 5250 pars
1363 5179 1511 5238 inlidendo
1541 5179 1620 5236 laesa
1649 5187 1704 5246 est,

401 5287 433 5336 ut
455 5279 555 5336 hastae
577 5282 681 5352 partim
705 5281 845 5352 perierint
865 5279 971 5350 partim
993 5279 1023 5336 40
1045 5279 1118 5336 40400
1141 5295 1156 5336 s
1178 5281 1298 5338 lineolas
1320 5281 1456 5338 abien'ut.
