3502 5842
274 462 301 508 x
504 431 506 435 ’
843 453 1043 500 4444444444.

276 626 405 686 materia
439 625 565 684 collecta
603 624 725 702 digesta
756 623 927 683 diiudicata
961 641 1055 702 quam
1091 624 1192 684 iustus
1227 625 1470 685 commentarius
1500 645 1616 706 propo-

275 727 381 790 nenda
403 737 505 789 erant.

361 831 391 891 2.
417 831 462 890 De
486 827 601 891 lundae
632 826 860 908 glandiumque
890 846 950 890 usu
978 830 1054 890 satis
1084 828 1144 888 iarn
1173 838 1354 891 enarratum
1385 838 1433 890 est
1464 828 1504 890 ab
1534 830 1615 908 aliis,

275 934 461 1015 praesertim
491 951 507 992 a
538 933 621 994 lusto
644 932 748 1011 Lipsio
781 932 1000 992 Poliorceticon
1032 931 1112 992 libro
1136 933 1188 1011 lV,
1227 932 1357 1010 Delfica,
1393 934 1534 1012 Minicio,
1564 935 1619 994 Vi-

275 1036 438 1116 4444444),
476 1054 593 1115 eaque,
625 1054 707 1115 quae
734 1035 773 1096 ad
806 1036 959 1096 Romanos
982 1037 1162 1114 pertinent,
1189 1035 1229 1095 ab
1253 1037 1442 1096 Mommseno
1473 1036 1616 1115 exposita

276 1141 417 1221 reperies
446 1141 478 1200 iu
507 1140 651 1217 Corporis
679 1139 773 1198 vell
802 1158 834 1219 p.
859 1139 919 1198 488
948 1149 980 1199 et
1007 1138 1048 1199 ab
1077 1137 1290 1218 blarquardtio
1320 1138 1619 1222 Staatsoerroaltunp

275 1241 327 1305 ed.
353 1244 372 1305 2
397 1243 421 1302 ll
445 1263 478 1323 p.
496 1243 557 1303 343
576 1260 624 1322 sq.
672 1243 736 1302 Hoc
767 1240 831 1313 loco
854 1241 1013 1302 monuisse
1036 1243 1112 1302 satis
1137 1251 1199 1320 est,
1234 1243 1368 1322 primam
1399 1243 1561 1321 glandium
1586 1245 1617 1304 iu

274 1346 416 1407 exercitu
446 1347 580 1406 Romano
603 1343 818 1407 adbibitarum
842 1345 1035 1405 mentionem
1060 1363 1128 1406 esse
1159 1346 1234 1406 anni
1257 1365 1290 1406 u.
1316 1363 1344 1406 c.
1370 1345 1431 1405 4438
1455 1355 1509 1406 444
1532 1357 1618 1408 44444

274 1449 349 1509 4444
379 1447 495 1530 565²),
530 1448 672 1510 ultimam
702 1449 777 1509 anni
807 1467 838 1509 u.
865 1465 892 1509 c.
919 1447 975 1508 844
1004 1474 1046 1501 =
1068 1467 1100 1528 p.
1128 1447 1202 1508 Chr.
1227 1445 1318 1527 58³),
1350 1447 1498 1509 videlieet
1528 1449 1619 1529 glan-

273 1548 361 1611 dium
378 1550 610 1631 plumbearum‚
639 1568 710 1612 nam
735 1549 912 1612 funditores
934 1559 1042 1631 postea
1065 1569 1192 1631 quoque
1215 1551 1249 1612 in
1265 1552 1474 1613 Romanorum
1490 1552 1619 1613 auxiliis

274 1653 426 1716 militasse
449 1655 526 1716 satis
549 1663 685 1730 constat;
724 1673 774 1716 ex.
794 1673 843 1734 gr.
869 1655 901 1715 in
925 1655 1069 1715 columna
1093 1652 1246 1735 Traiani⁴)
1275 1657 1500 1735 repraesentati
1531 1665 1614 1732 sunt,

274 1754 331 1817 sed
354 1776 408 1818 eos
431 1756 592 1838 lapidibus
615 1776 687 1819 usos
711 1776 781 1818 esse
805 1758 959 1836 imagines
983 1757 1070 1837 ipsae
1090 1755 1215 1834 docent,
1242 1757 1381 1836 itemque
1404 1757 1445 1819 ab
1462 1758 1617 1821 Hadriano

279 1858 382 1939 (Corp.
403 1860 426 1919 1.
445 1862 510 1922 Lat.
528 1861 593 1922 Vlll
610 1879 643 1922 n.
663 1858 758 1942 abab)
785 1861 909 1940 equites
936 1861 1070 1920 cohortis
1092 1870 1201 1921 sextae
1218 1859 1498 1939 Commagenorum
1521 1861 1618 1942 lapi-

275 1960 342 2023 des
364 1961 473 2024 lundis
495 1963 621 2025 mittere
644 1961 904 2043 memoranturi).
929 1997 972 2007 -
995 1963 1083 2024 Sicut
1104 1962 1265 2042 glandium
1293 1963 1433 2043 ipsarum
1457 1966 1499 2026 ita
1523 1965 1616 2025 etiam

275 2064 551 2128 inscribendarum
575 2067 736 2146 glandium
759 2085 852 2128 usum
882 2067 1012 2126 Romani
1042 2065 1210 2127 aGraecis
1232 2064 1495 2147 adsumpserunt;
1533 2068 1618 2128 anti-

273 2168 425 2247 quissima
448 2188 557 2231 earum
582 2179 631 2231 est
655 2169 819 2231 Pisoniana
842 2171 917 2229 anni
948 2170 1003 2228 out
1036 2167 1080 2250 (n.
1101 2169 1144 2251 l),
1171 2170 1409 2231 recentissimae
1432 2189 1508 2250 eae,
1534 2189 1616 2250 quae

273 2271 433 2334 adhibitae
448 2281 523 2334 suut
538 2272 621 2334 hello
637 2273 787 2334 Perusino
802 2291 830 2334 a.
857 2271 1025 2333 743-744
1048 2271 1090 2352 (4.
1109 2272 1150 2333 44
1166 2271 1269 2353 sqq.),
1295 2282 1350 2334 aut
1365 2271 1495 2334 fortasse
1511 2274 1616 2335 Sicula

274 2377 347 2438 Sex.
367 2376 506 2456 Pompeii
527 2373 569 2456 (n.
588 2375 617 2452 2)
645 2394 726 2456 quae
743 2377 833 2437 cuius
855 2377 930 2437 anni
954 2378 995 2437 sit
1010 2376 1181 2454 nescimus,
1207 2377 1269 2436 nisi
1289 2375 1374 2455 quod
1397 2376 1514 2456 proelio
1531 2375 1617 2456 apud

274 2478 466 2541 Naulochum
489 2497 572 2540 anuo
595 2477 657 2539 ’448
682 2479 846 2540 commisso
868 2479 1025 2559 posterior
1047 2497 1117 2539 esse
1139 2479 1263 2558 nequit.
1310 2479 1442 2540 Exstant
1464 2497 1540 2539 sane
1567 2480 1618 2539 in-

274 2584 461 2663 scriptiones
477 2601 539 2643 non
554 2600 686 2663 paucae,
705 2600 787 2661 quae
804 2582 896 2660 longe
912 2583 1122 2643 recentiorem
1138 2600 1188 2642 ex.
1208 2601 1254 2661 gr.
1274 2583 1409 2660 Traiani,
1427 2583 1464 2644 44.
1480 2580 1613 2659 Aurelii,

275 2687 354 2764 quin
383 2687 497 2764 etiam,
534 2686 561 2747 si
589 2685 643 2745 Dis
673 2684 793 2764 placet,
831 2683 1026 2745 Constantini
1058 2693 1195 2746 aetatem
1227 2683 1433 2764 profitentur,
1470 2694 1500 2745 at
1523 2702 1616 2745 easa

275 2788 411 2850 lalsariis
440 2789 588 2849 confictas
620 2805 689 2848 esse
719 2785 801 2849 inlra
831 2785 1110 2849 demonstrabitur.

360 2892 390 2953 3.
416 2892 461 2952 Be
484 2889 645 2971 glaudium
670 2888 803 2970 lusione,
831 2889 941 2969 forma,
967 2889 1186 2971 magnitudine
1203 2889 1406 2953 memoranda
1427 2901 1501 2952 suut
1525 2891 1612 2952 haec.

272 2992 410 3056 Glandes
433 2993 521 3056 lusae
549 3003 623 3056 sunt
653 3013 772 3055 omnes.
821 2994 949 3055 Formae
973 2993 1058 3054 binis
1081 3013 1121 3054 ex
1143 2993 1290 3074 partibus
1314 2993 1510 3073 constabant,
1538 3012 1617 3073 quas

342 3220 366 3280 4)
387 3219 528 3268 Ρ44444444
552 3217 679 3268 llawkins
710 3217 911 3281 (Archaeologie
931 3219 1008 3280 4844)
1034 3221 1062 3267 44
1086 3215 1180 3267 Ptistcr
1205 3217 1405 3280 (labresbcricht
1429 3218 1504 3278 raet)
1532 3215 1614 3265 mulia

271 3304 306 3355 de
325 3302 423 3354 landae
441 3316 492 3354 usu
512 3303 686 3367 collegerunt.
717 3303 889 3354 llawliusius
907 3316 977 3367 quae
996 3304 1104 3367 propria
1125 3301 1216 3365 habet,
1237 3315 1332 3352 eorum
1352 3301 1470 3352 sublesta
1489 3305 1530 3352 est
1548 3300 1616 3350 44444

272 3389 316 3453 (44.
337 3403 407 3455 quae
425 3389 481 3440 dixi
500 3391 526 3438 in
546 3389 637 3440 lndice
653 3391 816 3453 auctorum).

341 3476 366 3537 2)
397 3476 451 3524 Liv.
473 3478 514 3523 44.
536 3478 566 3523 til
593 3474 639 3541 §8
668 3476 703 3537 (a.
726 3477 802 3538 baill:
834 3475 914 3526 llicro
940 3488 987 3526 rex
1012 3475 1139 3525 Romanis
1163 3476 1238 3524 misit
1263 3475 1334 3524 mille
1360 3475 1558 3537 sagittariorum
1585 3488 1616 3522 ac

269 3561 441 3624 (auditorum,
460 3566 549 3623 aptam
560 3574 667 3611 manum
680 3562 807 3611 aduersus
820 3562 944 3612 Baleares
962 3575 993 3611 ao
1006 3561 1114 3611 Mauros
1138 3561 1272 3610 exercitus
1291 3558 1476 3620 Hanniheltci,
1501 3559 1616 3623 quihus-

271 3659 334 3696 cum
353 3646 446 3698 contar
458 3648 563 3697 livium
578 3651 620 3707 44,
636 3651 664 3697 st
682 3645 750 3713 444,
772 3647 819 3698 ubi
833 3645 1009 3698 Hannibalem
1031 3647 1064 3707 (a.
1080 3647 1139 3709 446)
1159 3647 1303 3710 (rumores
1316 3645 1441 3695 Baleares
1459 3648 1615 3708 octingentos

270 3734 433 3795 septuaginta
457 3734 485 3782 in
504 3732 619 3782 alricum
640 3735 746 3784 misisse
766 3733 857 3784 444444.
877 3760 910 3770 -
929 3732 1004 3782 ldem
1024 3735 1066 3793 88,
1086 3736 1119 3781 89
1147 3731 1268 3781 Achaeos
1287 3728 1437 3780 funditores
1456 3744 1471 3778 a
1489 3729 1615 3780 Romanis

272 3816 298 3866 iu
323 3817 472 3867 obsidenda
496 3819 575 3868 Same
600 3819 789 3883 cephalleniae
813 3819 912 3883 oppido
939 3820 973 3879 (a.
995 3819 1053 3879 564)
1079 3830 1211 3882 prospero
1240 3828 1366 3866 successu
1393 3815 1530 3866 adhibitos
1556 3829 1616 3866 esse

271 3916 384 3953 narrans
407 3906 477 3953 inter
499 3908 589 3954 cetera
613 3910 716 3955 centum
738 3905 899 3968 funditores,
931 3906 1031 3969 inquit,
1059 3904 1091 3953 ab
1115 3903 1192 3967 Aegio
1218 3909 1242 3953 et
1268 3903 1355 3952 Patris
1379 3907 1403 3952 et
1421 3903 1512 3964 Darnis
1540 3906 1615 3952 acciti

270 3995 332 4039 suat
402 3991 466 4054 (qui)
488 3991 589 4054 lortpius
607 3994 715 4042 certiore
734 3997 757 4042 et
775 3992 901 4041 ualidiore
918 3993 971 4041 ictu
989 4003 1068 4052 quam
1081 3990 1201 4040 Balearis
1211 3989 1329 4052 funditor
1340 4002 1370 4040 eo
1389 3989 1497 4039 teleusi
1514 3994 1584 4040 sant.

340 4074 366 4139 a)
386 4075 492 4126 Tacitus
511 4089 574 4127 4444.
596 4080 638 4136 44,
654 4081 699 4126 ³9:
721 4090 735 4126 a
756 4077 871 4126 Domitio
890 4076 1043 4127 Corbulone
1061 4077 1249 4126 Armeniorum
1268 4074 1411 4125 castellum
1430 4078 1614 4140 expugnatura

271 4162 436 4212 libratoribus
452 4161 676 4225 funditoribusque
694 4164 834 4214 attributus
853 4164 933 4226 locris,
958 4163 1026 4212 uarie
1044 4164 1144 4212 eminus
1165 4161 1273 4224 plaudes
1291 4165 1447 4222 torquerent.
1484 4162 1615 4224 Tempore

271 4248 353 4297 etiem
376 4249 527 4312 posteriore
552 4262 577 4299 a.
599 4253 647 4298 828
670 4250 721 4312 (44)
748 4247 860 4312 glandes
884 4249 910 4296 in
936 4248 1026 4298 Civilis
1050 4248 1172 4299 exercitu
1195 4250 1443 4297 commemorantur
1466 4245 1500 4294 ab
1523 4245 1614 4295 Tacito

271 4331 334 4382 bist.
354 4335 380 4396 e,
397 4336 442 4384 44;
463 4337 538 4385 saeris
554 4335 743 4398 glandibusque
760 4339 785 4384 el
803 4337 896 4385 ceteris
912 4335 1052 4384 missilibus
1067 4334 1198 4397 proelium
1214 4335 1348 4395 incipitur.

341 4419 365 4480 4)
385 4419 423 4468 De
437 4419 544 4471 44444444
557 4420 611 4471 tab.
627 4421 646 4482 l,
663 4424 693 4481 a;
714 4420 860 4482 Broehner,
874 4420 926 4470 col.
937 4420 1006 4471 Trai.
1024 4420 1178 4482 (4844-44)
1191 4418 1246 4468 tab.
1258 4421 1299 4468 84.
1316 4422 1364 4468 tte
1378 4432 1417 4482 sq.
1433 4421 1460 4468 el
1472 4431 1498 4482 p.
1515 4421 1556 4466 46.
1571 4421 1612 4467 44.

270 4503 418 4554 4444444444
437 4511 575 4569 praeterea
598 4505 642 4570 lig.
664 4511 678 4556 4
709 4505 851 4557 exhibetur
874 4507 971 4570 cippus
996 4505 1175 4570 sepulchralis
1202 4503 1324 4554 urbanus
1348 4503 1525 4568 Epitynchani
1552 4517 1614 4553 cum

271 4587 416 4642 lundiloris
436 4593 551 4656 imagine
572 4592 614 4655 (cl.
630 4592 698 4643 blata
716 4597 744 4642 et
761 4606 786 4642 v.
799 4591 889 4653 Duhn,
911 4592 1055 4642 Bildwerlre
1070 4594 1130 4640 4884
1155 4604 1182 4640 n.
1197 4594 1263 4640 4844
1283 4593 1310 4639 et
1328 4590 1406 4654 Corp.
1420 4591 1454 4639 Vl
1473 4603 1498 4640 n.
1511 4588 1611 4651 tiata).

272 4679 300 4727 44
314 4678 372 4728 eius
399 4680 536 4743 marsupio
560 4679 675 4744 lapides.
700 4681 730 4729 ut
748 4678 869 4742 videtur,
899 4682 972 4728 certe
998 4691 1051 4727 non
1070 4677 1182 4741 glandes
1205 4679 1364 4726 cernuntur.
1402 4677 1467 4726 ltem
1488 4675 1613 4738 vegetius

270 4764 306 4812 144
326 4766 373 4814 444
395 4764 606 4827 funditores...
627 4767 743 4829 4444444444
760 4777 842 4828 sarm
870 4762 904 4814 cl.
925 4764 969 4813 llll
989 4767 1014 4816 8.
1035 4791 1069 4799 -
1087 4763 1248 4813 Funditores
1266 4763 1293 4811 in
1312 4761 1438 4812 columna
1457 4762 1491 4811 44.
1511 4759 1612 4810 Aurelii

271 4851 464 4914 repraesentati
485 4849 537 4907 led.
559 4852 624 4899 4444
646 4850 698 4900 tab.
714 4855 742 4899 44
760 4871 792 4894 .-·
808 4851 846 4901 De
859 4850 964 4900 Minicia
982 4848 1061 4899 tabl
1080 4848 1105 4911 4)
1127 4862 1180 4899 444
1196 4848 1379 4900 Romanorum
1403 4851 1466 4897 sunt
1484 4846 1532 4895 sed
1551 4845 1614 4895 bar·

271 4934 414 4996 berorum3
435 4938 551 4986 utuntur
569 4935 704 5000 lapidibus
723 4950 776 4986 nou
795 4936 949 5000 glandibus.

339 5023 364 5083 4)
386 5021 523 5087 inpugna
542 5036 566 5071 4.
588 5035 615 5086 p.
636 5021 698 5072 Chr.
720 5026 768 5072 444
796 5025 890 5072 contra
908 5021 1035 5072 Albinum
1060 5034 1144 5086 prope
1163 5020 1342 5084 Lugudunum
1362 5020 1507 5069 commissa
1525 5018 1614 5082 Septi-

272 5108 342 5158 mius
367 5109 485 5158 Severus
507 5107 574 5169 (Vita
598 5120 657 5173 cap.
685 5109 728 5170 tr)
760 5113 879 5158 4444444444
903 5111 955 5158 ictu
980 5108 1117 5169 plumbeae
1142 5106 1314 5156 credebatur.
1361 5103 1412 5153 vbi
1440 5107 1528 5153 temen
1557 5116 1612 5152 non

270 5194 346 5258 glans
363 5193 411 5243 sed
429 5194 503 5244 aliud
523 5194 605 5244 telum
625 5193 795 5259 plumbatum
814 5194 922 5245 videtur
940 5193 1150 5257 intellegendum
1170 5205 1238 5242 esse.
