3772 5992
372 485 443 556 142
871 497 1027 547 onannns
1046 496 1202 548 srvnran.

1350 619 1711 626 W—----—

382 688 524 738 Ferturd.ll
594 683 645 738 64*
846 687 987 737 Ferrard.ll
1056 683 1108 738 64*
1308 686 1420 736 Feucrd.
1430 685 1454 734 11
1524 681 1575 736 et*

484 776 532 821 333
548 793 577 816 =
593 776 641 822 333
947 775 996 820 333
1010 791 1041 814 =
1056 774 1104 820 343
1410 774 1459 820 333
1473 790 1505 814 =
1520 773 1567 819 333

483 844 533 890 333
548 861 579 884 =
593 843 641 890 343
947 843 991 888 334
1010 859 1042 882 =
1057 841 1105 888 343
1411 841 1459 888 333
1475 859 1506 881 .-.
1520 841 1569 888 333

484 911 532 958 343
547 931 578 952 =
593 911 666 960 3433
948 911 997 957 333
1010 928 1041 950 --
1056 912 1105 958 333
1411 910 1460 957 334
1474 927 1506 950 .-=
1522 910 1570 956 333

483 981 529 1028 344
547 998 579 1022 =
593 981 637 1026 344
947 979 996 1026 333
1011 997 1042 1020 =
1057 980 1101 1026 334
1412 979 1461 1026 333
1474 996 1506 1019 =
1522 979 1569 1024 333

483 1049 532 1097 343
547 1067 578 1089 =
593 1049 642 1096 343
948 1047 996 1094 334
1011 1065 1042 1087 =
1057 1048 1129 1094 3343
1411 1049 1461 1094 333
1475 1065 1507 1086 =
1521 1047 1566 1092 334

483 1117 531 1164 343
547 1135 579 1157 -.-
593 1117 641 1164 343
948 1117 997 1162 333
1011 1133 1042 1156 .-.
1057 1117 1106 1163 333
1140 1169 1147 1181 .
1410 1117 1460 1163 333
1474 1133 1507 1155 =
1521 1116 1569 1160 333

484 1185 532 1232 344
547 1203 578 1226 .-=
593 1186 640 1232 344
947 1185 997 1231 333
1011 1203 1042 1224 =
1057 1185 1129 1232 3333
1411 1185 1461 1231 333
1475 1202 1507 1223 =
1522 1185 1593 1230 3333

483 1253 533 1300 343
548 1272 579 1294 =
594 1254 665 1300 3443
948 1254 995 1298 333
1010 1269 1041 1292 -.-
1057 1252 1126 1300 3333
1412 1253 1461 1300 333
1475 1270 1507 1292 =
1521 1253 1569 1299 333

483 1322 533 1368 343
547 1341 578 1362 -.
593 1322 663 1370 3443
946 1321 996 1372 333
1011 1339 1042 1361 =
1058 1323 1105 1368 333
1410 1323 1460 1368 333
1475 1339 1507 1362 =
1521 1321 1569 1367 334

483 1390 532 1437 343
547 1408 578 1430 =
593 1391 642 1438 343
948 1391 997 1436 333
1011 1408 1042 1431 =
1057 1390 1105 1436 334
1411 1391 1457 1436 334
1475 1407 1506 1428 =
1522 1391 1570 1436 333

483 1459 642 1506 3435343
947 1458 1105 1505 3335333
1269 1461 1272 1580 p
1412 1459 1508 1505 ara=
1524 1459 1594 1506 3333

483 1527 532 1574 343
547 1545 578 1567 .-.
593 1527 641 1574 343
948 1527 994 1573 334
1012 1545 1044 1567 .-.
1057 1528 1106 1574 333

792 2157 966 2230 Addenda
993 2169 1028 2229 34
1055 2157 1282 2250 Corrigenda.

369 2363 459 2426 pag.t
480 2360 526 2410 lin.
541 2365 571 2410 44
591 2374 641 2426 pro
664 2359 737 2411 thcc
756 2360 859 2412 scribe:
884 2361 944 2412 tho
964 2361 1133 2424 (Syracusis).

371 2449 459 2512 pag.t
480 2446 527 2496 tin.
543 2451 574 2496 44
593 2459 609 2496 3
627 2444 681 2496 iine
699 2459 750 2513 pro
768 2438 967 2497 ‘delineatione
994 2441 1078 2497 Potiti
1099 2445 1202 2496 scribe:
1223 2440 1412 2498 ‘delineatione
1431 2446 1578 2498 salvatoris
1597 2442 1692 2497 Potiti.

370 2545 430 2597 pag.
446 2535 459 2580 7
481 2532 576 2582 linit
595 2546 610 2582 3
630 2531 684 2582 fine
703 2544 753 2596 pro
773 2541 796 2594 3,
812 2553 845 2585 33
871 2531 973 2583 scribe:
994 2535 1019 2594 8,
1034 2549 1072 2578 ι.ι

370 2630 430 2682 pag.
445 2622 473 2667 44
496 2618 530 2668 ad
551 2631 578 2668 n.
594 2622 619 2678 4,
637 2613 668 2684 u]
691 2616 855 2668 Guattbarus
881 2618 907 2667 in
932 2616 975 2667 ed.
998 2619 1021 2678 4,
1048 2629 1130 2680 quem
1149 2629 1237 2682 nuper
1260 2617 1328 2668 mibi
1352 2619 1468 2683 inspexit
1485 2618 1652 2677 ltresselius,
1673 2619 1714 2668 sic

406 2715 468 2756 44444
491 2714 584 2758 sorar.
611 2701 734 2766 exbibet,
764 2700 895 2753 lateribus
918 2702 1028 2766 quidem
1052 2713 1106 2752 nori
1129 2701 1266 2754 distinctis
1289 2704 1338 2755 sed
1357 2703 1478 2755 nondum
1503 2704 1613 2754 inducie
1632 2706 1715 2755 inter-

406 2789 541 2853 polatione
565 2797 732 2842 roiirswra.
779 2787 887 2838 subieci
911 2788 970 2852 ipsu
997 2787 1056 2837 eius
1081 2785 1165 2836 verbe
1191 2787 1371 2851 (animadv.
1392 2790 1494 2854 petil:
1520 2783 1643 2854 ‘glandes
1666 2789 1714 2839 ob

405 2873 510 2936 longae,
529 2869 657 2934 gibbosac
675 2873 702 2921 34
720 2869 775 2920 iere
789 2868 938 2930 trilaterae,
958 2869 1037 2918 cuius
1055 2867 1170 2920 formam
1184 2883 1210 2935 p.
1225 2876 1252 2921 44
1270 2869 1347 2940 [3334
1359 2871 1489 2941 Graecae]
1507 2875 1711 2940 descripsimus.

403 2956 492 3008 Reieri
510 2957 582 3022 Lips.
602 2958 629 3007 43
649 2955 769 3018 Triunto,
791 2954 883 3006 asculi
902 2953 1000 3006 nobilis
1021 2955 1135 3006 Picentis
1154 2955 1249 3018 Vrbis,
1274 2961 1299 3009 et
1323 2959 1491 3011 advenarum
1509 2962 1712 3012 amantissimae

406 3055 486 3093 amne
505 3043 644 3102 inventas,
672 3053 789 3106 quarum
808 3053 871 3106 pers
895 3041 937 3091 his
961 3039 1046 3091 itteris
1071 3041 1197 3104 insignita
1225 3055 1359 3098 rverrrvr
1387 3057 1522 3101 33343443.
1554 3061 1617 3112 pars
1647 3059 1713 3100 4443

404 3145 437 3182 ac
455 3141 526 3185 Gai.
553 3129 622 3181 eliee
640 3135 667 3180 et
686 3130 728 3181 bis
747 3129 818 3182 notis
836 3131 976 3180 exaratae:
1003 3139 1078 3184 433444.
1104 3133 1130 3180 et
1149 3141 1212 3183 snat
1235 3140 1329 3185 40444.
1359 3133 1456 3194 idest,
1478 3133 1646 3197 Pompeium,
1666 3135 1713 3197 qui

404 3231 436 3267 eo
454 3215 526 3267 bello
544 3214 641 3266 urbem
660 3216 832 3280 expugnavit.
870 3214 988 3266 Glendes
1013 3215 1150 3266 interdum
1169 3220 1196 3266 et
1219 3215 1387 3281 proditorum
1408 3217 1467 3267 loco
1487 3216 1605 3268 luerunt.
1644 3218 1712 3269 llirt.

404 3302 432 3350 in
451 3301 528 3352 Caes.
551 3301 602 3352 bet.
625 3293 706 3365 Hisp.'
727 3305 754 3350 et
771 3315 797 3364 q.
816 3313 839 3351 a.

371 3400 431 3453 pag.
447 3389 473 3435 44
498 3387 545 3438 443.
559 3390 590 3436 44
610 3399 624 3436 3
643 3385 696 3436 tine
714 3399 764 3451 pro
784 3387 860 3436 Porto
878 3385 981 3437 scribe:
1003 3387 1034 3437 da
1051 3388 1077 3436 tc
1096 3387 1181 3437 Porta.

371 3485 432 3538 pag.
447 3475 477 3522 44
498 3469 545 3524 443.
558 3475 590 3522 44
609 3474 671 3522 3343
687 3465 742 3522 ‘Eu’
763 3470 847 3522 adde:
869 3471 909 3522 443
922 3473 1053 3522 licentem
1066 3471 1100 3523 de
1112 3471 1257 3524 itarestein
1275 3471 1440 3538 descriptam
1460 3472 1584 3524 exhibuit
1595 3473 1714 3524 schuer-

405 3571 482 3608 mans
502 3558 614 3609 Buttettrr
637 3559 683 3608 4433
706 3559 880 3608 computarium
905 3556 974 3608 d'crt
991 3557 1052 3607 vili
1069 3558 1154 3620 44444)
1174 3571 1200 3623 p.
1216 3561 1280 3609 aaa:
1312 3570 1380 3612 ,4.34.
1411 3549 1468 3630 (334
1497 3549 1578 3632 ,4.4.)
1612 3561 1713 3611 omisso

404 3642 527 3693 fulmine.
578 3699 580 3705 Ι

370 3741 430 3794 pag.
444 3731 475 3777 44
495 3727 530 3777 ad
548 3741 565 3777 c
582 3727 666 3778 adde:
686 3725 721 3780 ci.
738 3741 765 3792 p.
785 3725 873 3778 XXX.

370 3825 430 3878 pag.
452 3813 549 3863 44443.
572 3817 599 3861 44
628 3827 644 3864 3
667 3811 720 3864 4433
738 3808 842 3878 pre‘in
865 3813 982 3862 solis-
1000 3805 1092 3862 exstut’
1122 3811 1225 3862 scribe:
1252 3808 1292 3862 'in
1321 3811 1395 3863 33443
1423 3813 1475 3863 3143
1503 3813 1600 3878 glande
1627 3817 1716 3866 liscu-

408 3898 469 3948 lane
488 3891 592 3948 exstat’.

371 3995 432 4048 pag.
448 3984 479 4032 49
498 3983 546 4032 lio.
562 3986 575 4031 4
595 3996 644 4048 pro
665 3985 689 4042 4,
705 3985 736 4032 44
756 3981 860 4034 scribe:
883 3987 924 4043 44,
940 3985 983 4034 44.

371 4081 430 4134 pag.
447 4071 478 4116 44
498 4067 544 4118 443.
559 4073 585 4116 44
608 4071 685 4132 proi
705 4065 809 4118 scribe:
832 4071 846 4117 4
865 4071 892 4118 34
910 4067 957 4118 443.
974 4071 1005 4116 44
1023 4071 1101 4134 prot
1121 4065 1225 4118 scribe:
1247 4071 1271 4121 4.

369 4166 431 4218 pag.
446 4155 477 4203 44
497 4153 544 4203 tin.
566 4156 579 4201 4
599 4166 615 4203 o
634 4150 687 4202 tine
706 4165 756 4215 pro
775 4155 824 4203 444
843 4152 948 4204 scribe:
972 4157 1030 4204 444.

369 4252 430 4304 pag.
446 4237 487 4302 44]
509 4238 639 4290 Glandcm
658 4251 684 4288 n.
698 4232 743 4298 66,
758 4241 782 4298 4,
803 4250 886 4301 quam
899 4239 1057 4288 Perusinum
1075 4249 1135 4288 esse
1153 4239 1266 4299 conieci,
1282 4237 1465 4290 Mommsenua
1484 4240 1510 4288 in
1530 4239 1610 4304 corp.
1630 4242 1713 4292 inser.

404 4324 460 4376 bat.
481 4325 503 4374 V
522 4338 549 4378 n.
566 4321 657 4387 43444,
675 4323 723 4374 3434
742 4336 775 4374 ex
793 4321 933 4375 Huebneri
954 4327 981 4374 et
1000 4323 1139 4387 (33343333)
1165 4337 1196 4374 ex
1215 4323 1315 4374 44444434
1338 4323 1453 4376 tectione
1472 4324 1607 4387 exhibuit,
1634 4329 1717 4391 Aqui·

405 4409 472 4460 teiae
492 4415 625 4475 repertam
644 4423 703 4461 esse
722 4413 796 4460 recta
815 4410 931 4473 negavit.

371 4509 429 4560 peg.
446 4498 473 4544 44
497 4495 574 4546 lin.'t
595 4509 643 4561 pro
656 4489 825 4559 ‘iliarcbiusi
846 4495 918 4560 epud
937 4489 1036 4545 liinic?
1058 4494 1163 4545 scribe:
1179 4487 1335 4546 ‘Minicius’.

372 4594 430 4644 pag.
443 4584 474 4630 49
495 4581 542 4630 443.
564 4586 573 4630 4
596 4595 646 4646 pro
665 4580 687 4628 V
706 4579 810 4632 scribe:
832 4581 876 4630 vi.

372 4678 431 4730 pag.
448 4669 480 4716 44
500 4665 547 4716 tin.
568 4671 582 4714 3
602 4679 650 4731 pro
669 4677 750 4720 ruov
775 4665 878 4717 scribe:
901 4673 991 4718 ruoa.

370 4763 433 4814 peg.
448 4752 480 4799 44
499 4750 533 4800 344
552 4763 579 4799 n.
600 4753 684 4812 444,4
701 4751 786 4802 adda:
807 4750 841 4803 ci.
859 4764 886 4816 p.
902 4749 990 4802 XXX.

371 4848 433 4900 pag.
448 4837 480 4884 44
501 4835 547 4885 lin.
570 4839 583 4884 4
601 4847 617 4884 a
635 4834 689 4886 tine
707 4849 756 4901 pro
775 4837 855 4900 433443)
877 4835 982 4887 scribe:
1004 4837 1093 4900 topic).

372 4935 430 4986 pag.
448 4923 496 4970 4444
515 4934 541 4970 3.
557 4918 625 4970 etc*
643 4920 745 4972 scribe:
768 4932 846 4974 1·a·i¹
865 4922 983 4986 (punctis
1001 4919 1112 4982 dubiis).
1156 4945 1159 4950 ·

372 5018 431 5070 psg.
451 5009 499 5054 444
519 5005 553 5056 sd
571 5018 598 5054 n.
619 5001 669 5052 lt*
688 5002 735 5054 tin.
754 5005 874 5071 paenult.
894 5019 943 5070 pro
958 4998 999 5056 ‘et'
1020 5003 1123 5054 scribe:
1141 4997 1215 5054 ’334

371 5101 435 5154 pag.
450 5093 499 5140 444
513 5089 561 5140 lin.
576 5091 607 5136 47
618 5087 653 5138 ed
668 5081 797 5150 ‘optor-va,
812 5089 882 5141 male
895 5085 1001 5140 lectum’
1017 5101 1077 5154 sqq.
1091 5089 1176 5140 adde:
1191 5089 1229 5140 De
1241 5090 1293 5142 bac
1308 5092 1484 5156 inscriptione
1498 5091 1612 5155 legende
1627 5105 1717 5156 quan-

406 5179 464 5226 tum
489 5173 642 5225 dubitatum
662 5173 712 5234 sit,
739 5173 773 5223 ed
791 5171 867 5224 neo
889 5175 1024 5226 adnotavi.
1062 5177 1091 5226 in
1110 5173 1381 5239 4433344333744444
1411 5191 1465 5227 333
1489 5181 1596 5239 optares
1620 5181 1715 5238 exstet,
