3706 5976
347 513 369 582 8
827 521 988 573 sununs
1006 523 1212 574 sscvnsm

345 723 407 780 lere
430 735 517 792 quem
539 719 619 777 credi
642 726 736 790 potest
759 719 892 775 intestata
915 722 1003 776 etita
1027 722 1159 776 intricata
1174 727 1228 788 est,
1254 728 1286 776 ut
1308 723 1344 776 iis
1363 736 1465 778 omnes
1488 721 1697 794 deciperemur

345 833 373 884 ct
388 825 505 884 omnino
520 839 556 880 ec
572 824 627 878 iem
643 839 691 878 res
707 821 831 880 deducta
854 829 942 890 esset,
967 829 999 878 ut
1021 837 1116 892 paene
1131 823 1235 878 melius
1250 831 1327 880 esset
1342 821 1380 879 ab
1395 825 1441 880 his
1455 825 1697 897 inscriptionibus

344 927 517 986 adhibendis
546 926 631 996 plane
659 924 818 982 abstinere.
865 925 1040 982 Examinetis
1061 931 1157 982 autem
1187 927 1271 997 longe
1292 929 1416 982 maxima
1438 927 1586 998 glandium
1609 937 1696 1002 parte

344 1033 374 1086 in
396 1031 504 1086 muscis
526 1044 586 1100 qua
607 1027 734 1100 publicis
756 1045 813 1100 qua
835 1029 955 1100 privatis
976 1033 1155 1084 servatarum
1178 1029 1311 1086 ellecisse
1332 1029 1403 1084 mibi
1420 1031 1532 1100 videor,
1559 1038 1591 1088 ut
1613 1050 1695 1091 nunc

344 1135 470 1203 primum
491 1133 585 1188 series
607 1147 708 1187 earum
730 1133 806 1188 sicut
834 1131 872 1190 ab
896 1131 1046 1188 erroribus
1067 1131 1210 1188 editorum
1239 1134 1368 1204 priorum
1398 1134 1436 1188 ita
1464 1151 1481 1189 a
1509 1134 1695 1192 leiseriorum

343 1235 495 1294 treudibus
521 1241 641 1306 purgata
671 1233 813 1306 prodiret.
880 1233 1050 1305 Spuriarum
1087 1235 1233 1306 ingentem
1258 1251 1412 1292 numerum
1438 1239 1469 1292 in
1495 1237 1552 1294 line
1577 1237 1694 1296 subieci

343 1337 499 1396 collectum
522 1335 726 1410 digestnmque
749 1353 838 1409 opera
860 1351 954 1407 aeque
976 1337 1105 1396 taediose
1127 1353 1160 1394 ac
1183 1341 1357 1396 necessaria.

431 1439 585 1498 Glandium
615 1437 824 1496 Asculanorum
852 1438 925 1496 baec
955 1439 1043 1498 editio
1072 1457 1138 1498 mee
1167 1457 1263 1514 nuper
1291 1445 1321 1498 in
1350 1441 1477 1513 Corpore
1508 1443 1599 1500 lnscr.
1624 1444 1688 1500 Lat.

345 1543 404 1602 vol.
421 1543 461 1600 rx
483 1559 513 1600 ιι.
534 1547 615 1600 6636
633 1557 776 1598 ι-ιιιιιι
804 1557 937 1600 scorsum
964 1559 1071 1600 excusa
1099 1551 1154 1600 est.
1211 1544 1255 1602 lbi
1283 1543 1403 1616 glandes
1430 1545 1533 1602 iisdem
1561 1548 1694 1604 numeris

343 1647 452 1718 signavi
483 1645 536 1702 nisi
571 1645 650 1718 quod
679 1661 700 1700 ι.
726 1659 756 1701 ιι.
783 1659 815 1700 ιιι
852 1646 908 1700 iam
939 1648 1040 1702 mutati
1071 1653 1139 1703 suut
1169 1647 1198 1703 in
1222 1652 1252 1704 3.
1278 1651 1332 1704 sc.
1365 1647 1419 1704 sl.
1479 1649 1631 1704 Praeterea
1660 1650 1691 1706 in

343 1749 472 1820 Corpore
500 1747 623 1805 omissae
649 1755 716 1804 sunt
740 1747 856 1804 tabulae
879 1749 1067 1821 pbotolypae,
1094 1765 1161 1806 curn
1189 1750 1248 1806 illic
1271 1749 1389 1820 quidem
1415 1751 1486 1805 satis
1508 1765 1574 1806 esse
1597 1754 1692 1808 visum

344 1857 421 1907 esset
450 1852 655 1922 inscriptiones
677 1851 818 1922 quasdam
841 1851 992 1908 delineatis
1021 1851 1195 1925 imaginibus
1221 1859 1453 1924 repraesentare.
1501 1852 1611 1910 Rursus
1634 1854 1690 1913 boc

343 1953 407 2012 loco
430 1955 567 2024 imagines
589 1953 749 2010 delineatae
771 1953 917 2025 glandium
948 1958 976 2026 6,
997 1969 1034 2012 ιι.
1070 1961 1098 2026 6,
1118 1972 1158 2012 ιι.
1174 1971 1214 2012 ιι.
1232 1971 1272 2012 ιι.
1304 1959 1333 2022 9,
1353 1969 1378 2012 ι.
1397 1969 1435 2010 ιι.
1455 1969 1491 2012 ιι.
1512 1971 1550 2012 ιι.
1578 1959 1629 2024 36,
1649 1973 1688 2014 ιι,

343 2061 394 2124 66,
416 2071 438 2112 ι.
466 2061 517 2126 33,
537 2071 561 2112 ι.
588 2061 639 2126 33,
658 2073 683 2114 s.
710 2061 761 2114 39.
790 2060 839 2128 66,
861 2073 883 2114 ι.
913 2061 991 2126 66,ι
1021 2059 1121 2127 omisi,
1154 2059 1222 2130 quia
1252 2057 1288 2112 ad
1317 2073 1417 2114 earum
1446 2055 1551 2114 ductus
1579 2075 1691 2131 cogno-

343 2158 468 2216 scendos
497 2158 629 2229 exempla
663 2157 822 2232 pbototypa
851 2160 1010 2229 sufficiunt3
1037 2161 1165 2234 reliquas
1193 2160 1347 2217 nonnullas
1377 2161 1425 2217 bic
1455 2163 1558 2233 repetii
1586 2165 1691 2233 partim

343 2269 515 2334 propterea,
548 2261 628 2332 quod
658 2263 790 2335 exempla
819 2263 966 2336 belietypa
990 2264 1128 2320 evanidas
1156 2264 1218 2320 illas
1241 2264 1452 2336 inscriptiones,
1478 2271 1511 2320 ut
1533 2271 1691 2321 consenta-

343 2381 430 2422 neum
454 2371 508 2434 est,
535 2366 630 2422 minus
653 2364 730 2422 clare
753 2363 891 2423 exhibent
913 2373 942 2422 et
957 2367 1118 2424 curandum
1141 2368 1204 2436 tuit,
1231 2371 1263 2422 ut
1277 2367 1408 2424 lectionis
1423 2384 1440 2422 a
1458 2383 1507 2423 me
1522 2369 1690 2440 propositae

342 2468 509 2526 huiusmodi
537 2469 734 2540 interpretatio
763 2471 983 2538 recognoscenti
1009 2469 1218 2541 praeberetur3
1259 2469 1402 2526 accedunt
1430 2469 1571 2540 pauculae
1602 2471 1686 2538 eliae,

343 2587 466 2644 quarum
495 2587 563 2630 cum
590 2571 677 2628 lectio
705 2579 819 2642 reperta
846 2570 976 2628 nondum
1004 2573 1040 2628 sit
1062 2587 1095 2628 ac
1123 2571 1243 2629 tortasse
1265 2573 1388 2643 reperiri
1410 2574 1528 2630 omnine
1551 2580 1687 2644 nequeat,

342 2675 473 2746 vestigia,
500 2689 575 2747 qum
598 2673 669 2730 mihi
692 2679 805 2730 exstare
823 2675 969 2742 videntur,
995 2675 1193 2747 typographus
1214 2681 1434 2745 repraesentare
1457 2691 1516 2732 non
1537 2678 1639 2745 possit.

429 3067 735 3140 etiamnullum
759 3067 825 3124 Sex.
845 3067 915 3124 lulio
931 3067 1053 3124 Caesare
1076 3067 1246 3126 consulibus
1274 3063 1309 3144 (a.
1328 3083 1361 3124 u.
1382 3063 1453 3144 663)
1480 3068 1580 3140 populi
1602 3069 1690 3125 ltalici

341 3191 356 3228 a
381 3172 517 3230 llomanls
540 3169 709 3228 deiecerunt
720 3165 740 3246 ¹)
774 3173 854 3229 initio
881 3177 958 3228 meto
988 3187 1004 3226 a
1036 3169 1217 3240 Picentibus,
1250 3173 1301 3242 qui
1330 3169 1385 3228 sub
1415 3172 1504 3226 tinem
1533 3172 1596 3227 eius
1623 3173 1689 3228 anni

341 3273 440 3332 Asculi
463 3273 616 3332 Servilium
643 3273 847 3346 proconsulem
871 3290 905 3330 ex
928 3280 1065 3346 praetura
1093 3275 1215 3330 missum
1237 3275 1447 3345 Fonteiumque
1470 3274 1595 3344 legatum
1623 3291 1689 3331 curn

342 3377 489 3448 omnibus,
508 3379 559 3448 qui
582 3378 611 3434 in
635 3393 670 3434 eo
694 3377 800 3450 oppido
824 3384 885 3433 tum
908 3376 1039 3444 aderant,
1065 3376 1179 3434 civibus
1196 3378 1331 3434 Romanis
1352 3369 1579 3452 trucidarunt2).
1615 3377 1689 3435 Socii

342 3479 450 3538 ltaliam
480 3483 510 3538 in
533 3481 605 3537 dues
627 3487 725 3550 perles
748 3479 907 3536 diviserunt
937 3478 1166 3552 consulibusque
1189 3479 1304 3538 duobus
1331 3496 1398 3536 cum
1421 3480 1575 3538 duodecim
1602 3497 1691 3552 pree-

342 3582 454 3640 toribus
477 3587 581 3640 creatis
610 3582 734 3640 alterum
763 3583 878 3640 illorum
900 3583 931 3638 C.
950 3583 1068 3654 Papium
1091 3583 1220 3640 ldutilum
1250 3585 1325 3656 parti
1348 3583 1538 3650 meridionali,
1565 3583 1688 3640 alterum

342 3687 378 3756 Q.
399 3681 626 3764 Poppaediumll
654 3684 781 3743 Silonem
804 3685 1022 3757 septentrionali
1045 3681 1294 3764 praefecerunt⁴).
1335 3687 1368 3742 ln
1390 3689 1521 3743 exercitu
1543 3688 1688 3743 sociorum

342 3795 459 3847 centum
489 3789 566 3845 mille
597 3788 728 3861 peditum
758 3791 948 3861 equitumque
976 3788 1065 3845 luisse
1095 3789 1264 3860 traduntur,
1297 3789 1476 3860 totidemque
1503 3792 1533 3844 in
1563 3791 1689 3846 llomano

347 3887 431 3968 [App.
455 3897 481 3960 6,
500 3887 565 3968 39).
614 3891 682 3948 (leri
704 3897 801 3948 autem
823 3897 960 3964 coeptum
982 3895 1025 3948 est
1047 3891 1157 3948 bellum
1181 3907 1257 3949 anno
1279 3893 1444 3963 insequenti
1470 3884 1510 3968 (u.
1530 3909 1557 3948 c.
1579 3885 1649 3966 666)
1664 3888 1684 3966 5)

343 4011 410 4052 cum
433 3993 500 4052 alibi
529 3993 566 4051 ab
589 3995 652 4050 aliis
675 4001 735 4051 tum
758 3997 787 4050 in
810 3993 976 4052 Picentibus
1005 4011 1022 4049 a
1051 3995 1104 4051 Cn.
1130 3995 1265 4065 Pompeio
1288 3978 1429 4051 Strabone
1452 3995 1484 4050 P.
1510 3995 1597 4051 Rutili
1619 3995 1689 4065 Lupi

343 4099 472 4157 consulis
494 4091 634 4174 legetofll.
682 4099 709 4154 ls
731 4099 825 4170 primo
848 4101 942 4154 victus
964 4103 1007 4154 est
1035 4091 1128 4173 (Oros,
1150 4089 1167 4174 ξ
1187 4089 1235 4172 66)
1262 4097 1299 4154 ab
1323 4098 1354 4154 C.
1373 4093 1557 4169 Vidacili07),
1584 4099 1616 4154 T.
1635 4099 1691 4154 La-

345 4231 550 4242 -.——--

412 4317 434 4378 6)
458 4315 592 4366 Diodorus
605 4319 636 4364 96
656 4329 698 4380 ep.
720 4315 808 4374 Phot,
828 4315 923 4366 Strabo
942 4317 956 4363 6
977 4328 1003 4380 p.
1018 4315 1079 4374 366,
1099 4313 1191 4366 Livius
1208 4327 1266 4380 per.
1282 4318 1313 4364 73
1328 4333 1360 4358 =
1376 4315 1452 4366 Oros.
1467 4318 1492 4376 6,
1508 4319 1539 4365 68
1554 4313 1605 4379 58,
1630 4314 1691 4365 Plo-

342 4415 388 4454 rus
407 4405 433 4464 3,
449 4405 474 4462 6,
495 4402 607 4468 Appiae.
628 4401 655 4452 b.
676 4401 726 4451 civ.
744 4403 768 4462 6,
784 4403 826 4452 39.

411 4491 433 4552 3)
457 4489 513 4540 le.
534 4501 592 4554 per.
613 4491 639 4538 et
657 4488 745 4548 Oros,
766 4487 834 4552 App.
856 4490 880 4544 t,
901 4489 944 4536 66.
964 4513 998 4522 -
1017 4485 1054 4536 lie
1073 4485 1186 4536 Servilio
1210 4484 1244 4536 ol.
1265 4487 1414 4537 Mommsen
1435 4486 1596 4538 Stantsrecbt
1615 4486 1687 4537 eds

343 4577 365 4627 ιι
379 4589 406 4641 p.
423 4579 471 4624 ιιι
491 4575 546 4625 not.
562 4579 587 4626 ι.

411 4663 435 4722 9)
457 4661 619 4724 Poppaedius
642 4663 684 4710 est
709 4661 736 4710 ln
757 4657 903 4710 Perlocbae
927 4655 1022 4708 codice
1041 4657 1206 4716 Nazerieno,
1233 4671 1319 4722 eeque
1341 4657 1429 4709 lorme
1448 4655 1627 4709 confirmatur
1646 4660 1689 4708 in·
1760 4647 1765 4656 ⁶

340 4746 550 4814 scriptionibus;
573 4747 719 4811 Pcpocdius
738 4745 848 4798 Orosius
866 4747 894 4794 el
912 4741 1041 4804 Velleius,
1061 4738 1219 4811 Πομπαίδιος
1237 4743 1347 4794 Diodor.
1367 4747 1394 4795 et
1412 4745 1480 4810 App.

412 4834 434 4892 6)
456 4831 566 4884 Diodor.
587 4847 646 4884 exc.
668 4833 742 4884 Pbot.
764 4845 789 4898 p.
807 4833 857 4882 639
876 4829 965 4881 Wess.

411 4919 435 4976 6)
456 4917 543 4980 Quare
569 4917 633 4970 huic
657 4933 728 4969 enno
752 4919 916 4984 prlnclplum
940 4915 1003 4968 belli
1027 4914 1187 4968 adscribunt
1212 4914 1272 4966 lasti
1290 4914 1433 4982 Capitolini
1461 4915 1502 4978 (cl.
1518 4915 1634 4982 prem.
1654 4915 1688 4964 1v

341 5019 366 5071 p.
383 5005 454 5066 366),
476 5003 545 5056 Vell.
561 5007 586 5064 3,
602 5008 643 5066 66,
664 5005 767 5054 Plinius
786 5017 813 5056 ιι.
828 5003 885 5054 6ι.3
904 5003 988 5069 §⁴⁹⁹-

411 5093 434 5150 6)
456 5090 534 5142 Oros.
549 5092 574 5148 6,
591 5093 622 5140 66
640 5087 714 5154 §⁴⁰3
736 5088 802 5152 tpp.
819 5091 844 5146 t,
859 5091 901 5136 to.

411 5179 435 5236 7)
456 5177 500 5228 stc
527 5177 590 5239 lnce
615 5173 763 5234 ludncilius)
791 5173 878 5225 Orosil
904 5172 1028 5234 codices;
1056 5169 1128 5224 6666.
1150 5173 1264 5240 Appiani
1285 5177 1309 5234 6,
1326 5175 1356 5224 66
1382 5173 1490 5224 codices
1515 5173 1620 5239 optimi.
1659 5173 1687 5222 ln

343 5261 421 5316 titulo
439 5263 518 5328 Corp.
538 5260 592 5312 vol.
608 5261 643 5312 lx
662 5273 689 5310 ιι.
704 5261 771 5310 6636
791 5257 906 5310 liabetur
925 5270 1076 5324 cognomen
1094 5259 1272 5319 Quidecilius.
