<?xml version="1.0" encoding="UTF-8"?>
<!DOCTYPE html PUBLIC "-//W3C//DTD XHTML 1.0 Transitional//EN"
    "http://www.w3.org/TR/xhtml1/DTD/xhtml1-transitional.dtd">
<html xmlns="http://www.w3.org/1999/xhtml" xml:lang="en" lang="en">
 <head>
  <title>
</title>
<meta http-equiv="Content-Type" content="text/html;charset=utf-8" />
  <meta name='ocr-system' content='tesseract 3.04.00' />
  <meta name='ocr-capabilities' content='ocr_page ocr_carea ocr_par ocr_line ocrx_word'/>
</head>
<body>
  <div class='ocr_page' id='page_1' title='image "./ephemerisepigra06instgoog_0167.png"; bbox 0 0 3772 5992; ppageno 0'>
   <div class='ocr_carea' id='block_1_1' title="bbox 348 518 1180 592">
    <p class='ocr_par' dir='ltr' id='par_1_1' title="bbox 348 518 1180 592">
     <span class='ocr_line' id='line_1_1' title="bbox 348 518 1180 592; baseline -0.008 -1"><span class='ocrx_word' id='word_1_1' title='bbox 348 518 420 592; x_wconf 87' lang='grc'><strong>120</strong></span> <span class='ocrx_word' id='word_1_2' title='bbox 850 531 1007 583; x_wconf 74' lang='lat' dir='ltr'>damnus</span> <span class='ocrx_word' id='word_1_3' title='bbox 1026 531 1180 584; x_wconf 77' lang='lat' dir='ltr'>severae.</span> 
     </span>
    </p>
   </div>
   <div class='ocr_carea' id='block_1_2' title="bbox 341 718 1692 1988">
    <p class='ocr_par' dir='ltr' id='par_1_2' title="bbox 341 718 1692 1988">
     <span class='ocr_line' id='line_1_2' title="bbox 345 718 1690 786; baseline -0.002 -13"><span class='ocrx_word' id='word_1_4' title='bbox 345 723 442 774; x_wconf 89' lang='lat' dir='ltr'>mentis</span> <span class='ocrx_word' id='word_1_5' title='bbox 466 722 571 771; x_wconf 90' lang='lat' dir='ltr'>inuisus</span> <span class='ocrx_word' id='word_1_6' title='bbox 594 722 694 786; x_wconf 90' lang='lat' dir='ltr'>partim</span> <span class='ocrx_word' id='word_1_7' title='bbox 718 718 793 770; x_wconf 91' lang='lat' dir='ltr'>ialsis</span> <span class='ocrx_word' id='word_1_8' title='bbox 830 721 931 784; x_wconf 90' lang='lat' dir='ltr'>(utpote</span> <span class='ocrx_word' id='word_1_9' title='bbox 955 719 1077 770; x_wconf 76' lang='lat' dir='ltr'>collectis</span> <span class='ocrx_word' id='word_1_10' title='bbox 1101 733 1134 770; x_wconf 82' lang='lat' dir='ltr'><strong>ex</strong></span> <span class='ocrx_word' id='word_1_11' title='bbox 1158 719 1322 782; x_wconf 75' lang='lat' dir='ltr'>Desierdinii</span> <span class='ocrx_word' id='word_1_12' title='bbox 1348 718 1497 782; x_wconf 88' lang='lat' dir='ltr'>erroribus)</span> <span class='ocrx_word' id='word_1_13' title='bbox 1531 721 1631 784; x_wconf 85' lang='lat' dir='ltr'>partim</span> <span class='ocrx_word' id='word_1_14' title='bbox 1655 719 1690 770; x_wconf 90' lang='lat' dir='ltr'>ad</span> 
     </span>
     <span class='ocr_line' id='line_1_3' title="bbox 343 804 1687 872; baseline -0.002 -13"><span class='ocrx_word' id='word_1_15' title='bbox 343 807 506 872; x_wconf 86' lang='lat' dir='ltr'>Bergkianee</span> <span class='ocrx_word' id='word_1_16' title='bbox 525 805 636 870; x_wconf 78' lang='lat' dir='ltr'><strong>glandes</strong></span> <span class='ocrx_word' id='word_1_17' title='bbox 655 819 709 856; x_wconf 93' lang='lat' dir='ltr'><strong>non</strong></span> <span class='ocrx_word' id='word_1_18' title='bbox 728 806 821 856; x_wconf 92' lang='lat' dir='ltr'>minus</span> <span class='ocrx_word' id='word_1_19' title='bbox 838 804 1039 870; x_wconf 88' lang='lat' dir='ltr'>pertinentibus</span> <span class='ocrx_word' id='word_1_20' title='bbox 1065 805 1252 868; x_wconf 86' lang='lat' dir='ltr'>damnaverat,</span> <span class='ocrx_word' id='word_1_21' title='bbox 1279 805 1392 870; x_wconf 77' lang='lat' dir='ltr'>glandes</span> <span class='ocrx_word' id='word_1_22' title='bbox 1410 819 1427 856; x_wconf 89' lang='grc'><strong>4</strong></span> <span class='ocrx_word' id='word_1_23' title='bbox 1444 818 1473 856; x_wconf 88' lang='grc'><strong>44</strong></span> <span class='ocrx_word' id='word_1_24' title='bbox 1492 807 1550 871; x_wconf 93' lang='lat' dir='ltr'>ipso</span> <span class='ocrx_word' id='word_1_25' title='bbox 1568 805 1687 868; x_wconf 83' lang='lat' dir='ltr'>Bonane,</span> 
     </span>
     <span class='ocr_line' id='line_1_4' title="bbox 343 889 1692 956; baseline -0.001 -12"><span class='ocrx_word' id='word_1_26' title='bbox 343 893 522 956; x_wconf 78' lang='lat' dir='ltr'><strong>Mogontiaci,</strong></span> <span class='ocrx_word' id='word_1_27' title='bbox 548 889 717 953; x_wconf 89' lang='lat' dir='ltr'>Wiesbadis,</span> <span class='ocrx_word' id='word_1_28' title='bbox 744 889 912 942; x_wconf 80' lang='lat' dir='ltr'>Francolurti</span> <span class='ocrx_word' id='word_1_29' title='bbox 930 891 1083 956; x_wconf 88' lang='lat' dir='ltr'>descriptas</span> <span class='ocrx_word' id='word_1_30' title='bbox 1104 890 1138 940; x_wconf 91' lang='lat' dir='ltr'>ab</span> <span class='ocrx_word' id='word_1_31' title='bbox 1158 892 1232 940; x_wconf 92' lang='lat' dir='ltr'>omni</span> <span class='ocrx_word' id='word_1_32' title='bbox 1255 891 1410 956; x_wconf 84' lang='lat' dir='ltr'>suspicione</span> <span class='ocrx_word' id='word_1_33' title='bbox 1429 891 1507 955; x_wconf 88' lang='lat' dir='ltr'>longe</span> <span class='ocrx_word' id='word_1_34' title='bbox 1531 890 1628 942; x_wconf 87' lang='lat' dir='ltr'>abesse</span> <span class='ocrx_word' id='word_1_35' title='bbox 1646 903 1692 942; x_wconf 88' lang='lat' dir='ltr'>as-</span> 
     </span>
     <span class='ocr_line' id='line_1_5' title="bbox 342 976 1690 1042; baseline -0.003 -11"><span class='ocrx_word' id='word_1_36' title='bbox 342 979 477 1031; x_wconf 75' lang='lat' dir='ltr'>severavit</span> <span class='ocrx_word' id='word_1_37' title='bbox 495 978 521 1028; x_wconf 90' lang='lat' dir='ltr'><strong>in</strong></span> <span class='ocrx_word' id='word_1_38' title='bbox 541 990 629 1040; x_wconf 92' lang='lat' dir='ltr'>eoque</span> <span class='ocrx_word' id='word_1_39' title='bbox 646 990 739 1028; x_wconf 90' lang='lat' dir='ltr'>errore</span> <span class='ocrx_word' id='word_1_40' title='bbox 758 978 840 1028; x_wconf 89' lang='lat' dir='ltr'>etiam</span> <span class='ocrx_word' id='word_1_41' title='bbox 860 978 917 1026; x_wconf 92' lang='lat' dir='ltr'><strong>tum</strong></span> <span class='ocrx_word' id='word_1_42' title='bbox 935 977 1130 1042; x_wconf 84' lang='lat' dir='ltr'>perseveravit,</span> <span class='ocrx_word' id='word_1_43' title='bbox 1150 979 1296 1041; x_wconf 88' lang='lat' dir='ltr'>postquam</span> <span class='ocrx_word' id='word_1_44' title='bbox 1309 989 1379 1040; x_wconf 84' lang='lat' dir='ltr'>quae</span> <span class='ocrx_word' id='word_1_45' title='bbox 1397 976 1516 1027; x_wconf 88' lang='lat' dir='ltr'>hiscum</span> <span class='ocrx_word' id='word_1_46' title='bbox 1535 977 1690 1028; x_wconf 78' lang='grc'><strong>4144444447-</strong></span> 
     </span>
     <span class='ocr_line' id='line_1_6' title="bbox 343 1060 1690 1126; baseline -0.001 -10"><span class='ocrx_word' id='word_1_47' title='bbox 343 1064 454 1116; x_wconf 90' lang='lat' dir='ltr'>cederet</span> <span class='ocrx_word' id='word_1_48' title='bbox 471 1061 620 1114; x_wconf 82' lang='lat' dir='ltr'>similitudo</span> <span class='ocrx_word' id='word_1_49' title='bbox 641 1062 748 1112; x_wconf 84' lang='lat' dir='ltr'>ostendi</span> <span class='ocrx_word' id='word_1_50' title='bbox 767 1063 935 1125; x_wconf 80' lang='grc'><strong>(4444444447.</strong></span> <span class='ocrx_word' id='word_1_51' title='bbox 952 1064 1018 1111; x_wconf 86' lang='grc'><strong>4874</strong></span> <span class='ocrx_word' id='word_1_52' title='bbox 1036 1075 1062 1126; x_wconf 88' lang='lat' dir='ltr'><strong>p.</strong></span> <span class='ocrx_word' id='word_1_53' title='bbox 1077 1065 1107 1110; x_wconf 91' lang='grc'><strong>74</strong></span> <span class='ocrx_word' id='word_1_54' title='bbox 1122 1062 1204 1126; x_wconf 90' lang='lat' dir='ltr'>sqq.).</span> <span class='ocrx_word' id='word_1_55' title='bbox 1242 1060 1294 1112; x_wconf 86' lang='lat' dir='ltr'>Eas</span> <span class='ocrx_word' id='word_1_56' title='bbox 1318 1065 1348 1112; x_wconf 89' lang='lat' dir='ltr'><strong>ut</strong></span> <span class='ocrx_word' id='word_1_57' title='bbox 1371 1060 1542 1125; x_wconf 83' lang='lat' dir='ltr'>detenderet,</span> <span class='ocrx_word' id='word_1_58' title='bbox 1568 1063 1603 1114; x_wconf 90' lang='lat' dir='ltr'>ad</span> <span class='ocrx_word' id='word_1_59' title='bbox 1622 1065 1690 1114; x_wconf 86' lang='lat' dir='ltr'>mira</span> 
     </span>
     <span class='ocr_line' id='line_1_7' title="bbox 344 1146 1691 1212; baseline -0.002 -11"><span class='ocrx_word' id='word_1_60' title='bbox 344 1153 498 1202; x_wconf 90' lang='lat' dir='ltr'>commenta</span> <span class='ocrx_word' id='word_1_61' title='bbox 523 1147 658 1212; x_wconf 89' lang='lat' dir='ltr'>conlugit;</span> <span class='ocrx_word' id='word_1_62' title='bbox 684 1161 726 1200; x_wconf 84' lang='lat' dir='ltr'><strong>ex.</strong></span> <span class='ocrx_word' id='word_1_63' title='bbox 746 1161 785 1212; x_wconf 89' lang='lat' dir='ltr'><strong>gr.</strong></span> <span class='ocrx_word' id='word_1_64' title='bbox 804 1147 995 1210; x_wconf 85' lang='lat' dir='ltr'>Coriolanum,</span> <span class='ocrx_word' id='word_1_65' title='bbox 1022 1146 1134 1198; x_wconf 82' lang='lat' dir='ltr'>Fabium</span> <span class='ocrx_word' id='word_1_66' title='bbox 1158 1147 1321 1210; x_wconf 85' lang='lat' dir='ltr'>Maximum,</span> <span class='ocrx_word' id='word_1_67' title='bbox 1351 1148 1548 1200; x_wconf 71' lang='lat' dir='ltr'>tinctorium</span> <span class='ocrx_word' id='word_1_68' title='bbox 1574 1149 1691 1210; x_wconf 78' lang='lat' dir='ltr'>(scilicet</span> 
     </span>
     <span class='ocr_line' id='line_1_8' title="bbox 343 1230 1690 1299; baseline -0.001 -12"><span class='ocrx_word' id='word_1_69' title='bbox 343 1235 526 1296; x_wconf 84' lang='lat' dir='ltr'>triumvirum)</span> <span class='ocrx_word' id='word_1_70' title='bbox 547 1235 678 1298; x_wconf 88' lang='lat' dir='ltr'>aliosque,</span> <span class='ocrx_word' id='word_1_71' title='bbox 699 1234 812 1298; x_wconf 91' lang='lat' dir='ltr'>quiquo</span> <span class='ocrx_word' id='word_1_72' title='bbox 829 1235 910 1298; x_wconf 90' lang='lat' dir='ltr'>pacto</span> <span class='ocrx_word' id='word_1_73' title='bbox 925 1233 952 1282; x_wconf 94' lang='lat' dir='ltr'><strong>in</strong></span> <span class='ocrx_word' id='word_1_74' title='bbox 965 1233 1107 1283; x_wconf 78' lang='lat' dir='ltr'>Asculanis</span> <span class='ocrx_word' id='word_1_75' title='bbox 1119 1230 1266 1296; x_wconf 77' lang='lat' dir='ltr'>glandibus</span> <span class='ocrx_word' id='word_1_76' title='bbox 1284 1231 1399 1283; x_wconf 83' lang='lat' dir='ltr'>inscribi</span> <span class='ocrx_word' id='word_1_77' title='bbox 1417 1234 1555 1299; x_wconf 90' lang='lat' dir='ltr'>potuerint</span> <span class='ocrx_word' id='word_1_78' title='bbox 1567 1235 1619 1285; x_wconf 90' lang='lat' dir='ltr'>nisi</span> <span class='ocrx_word' id='word_1_79' title='bbox 1637 1232 1690 1285; x_wconf 89' lang='lat' dir='ltr'>lal-</span> 
     </span>
     <span class='ocr_line' id='line_1_9' title="bbox 344 1317 1688 1386; baseline 0 -14"><span class='ocrx_word' id='word_1_80' title='bbox 344 1323 408 1374; x_wconf 87' lang='lat' dir='ltr'>serii</span> <span class='ocrx_word' id='word_1_81' title='bbox 427 1320 521 1373; x_wconf 84' lang='lat' dir='ltr'>iraude</span> <span class='ocrx_word' id='word_1_82' title='bbox 540 1321 670 1386; x_wconf 84' lang='lat' dir='ltr'>explicari</span> <span class='ocrx_word' id='word_1_83' title='bbox 689 1333 744 1370; x_wconf 93' lang='lat' dir='ltr'><strong>non</strong></span> <span class='ocrx_word' id='word_1_84' title='bbox 761 1320 864 1385; x_wconf 90' lang='lat' dir='ltr'>potest,</span> <span class='ocrx_word' id='word_1_85' title='bbox 891 1332 945 1368; x_wconf 93' lang='lat' dir='ltr'><strong>non</strong></span> <span class='ocrx_word' id='word_1_86' title='bbox 964 1317 1131 1370; x_wconf 87' lang='lat' dir='ltr'>clarissimos</span> <span class='ocrx_word' id='word_1_87' title='bbox 1151 1319 1224 1369; x_wconf 89' lang='lat' dir='ltr'>viros</span> <span class='ocrx_word' id='word_1_88' title='bbox 1242 1317 1292 1369; x_wconf 90' lang='lat' dir='ltr'><strong>sed</strong></span> <span class='ocrx_word' id='word_1_89' title='bbox 1311 1319 1416 1382; x_wconf 87' lang='lat' dir='ltr'>ignotos</span> <span class='ocrx_word' id='word_1_90' title='bbox 1435 1319 1545 1370; x_wconf 77' lang='lat' dir='ltr'>aliunde</span> <span class='ocrx_word' id='word_1_91' title='bbox 1564 1319 1688 1372; x_wconf 87' lang='lat' dir='ltr'>homines</span> 
     </span>
     <span class='ocr_line' id='line_1_10' title="bbox 343 1395 1690 1478; baseline -0.001 -20"><span class='ocrx_word' id='word_1_92' title='bbox 343 1406 539 1471; x_wconf 88' lang='lat' dir='ltr'>intellegendos</span> <span class='ocrx_word' id='word_1_93' title='bbox 558 1418 618 1456; x_wconf 90' lang='lat' dir='ltr'>esse</span> <span class='ocrx_word' id='word_1_94' title='bbox 637 1404 786 1457; x_wconf 89' lang='lat' dir='ltr'>contendit.</span> <span class='ocrx_word' id='word_1_95' title='bbox 817 1405 893 1456; x_wconf 89' lang='lat' dir='ltr'>llanc</span> <span class='ocrx_word' id='word_1_96' title='bbox 905 1419 933 1456; x_wconf 93' lang='lat' dir='ltr'><strong>n.</strong></span> <span class='ocrx_word' id='word_1_97' title='bbox 949 1407 979 1454; x_wconf 86' lang='grc'><strong>44</strong></span> <span class='ocrx_word' id='word_1_98' title='bbox 998 1415 1042 1460; x_wconf 79' lang='lat' dir='ltr'><strong>siu</strong></span> <span class='ocrx_word' id='word_1_99' title='bbox 1063 1395 1076 1478; x_wconf 71' lang='lat'>1</span> <span class='ocrx_word' id='word_1_100' title='bbox 1098 1415 1179 1470; x_wconf 78' lang='grc'><strong>7444,</strong></span> <span class='ocrx_word' id='word_1_101' title='bbox 1206 1417 1259 1468; x_wconf 89' lang='lat' dir='ltr'><strong>qua</strong></span> <span class='ocrx_word' id='word_1_102' title='bbox 1277 1404 1331 1454; x_wconf 90' lang='lat' dir='ltr'>Silo</span> <span class='ocrx_word' id='word_1_103' title='bbox 1350 1405 1461 1456; x_wconf 88' lang='lat' dir='ltr'>Italicus</span> <span class='ocrx_word' id='word_1_104' title='bbox 1479 1405 1535 1456; x_wconf 80' lang='lat' dir='ltr'>dux</span> <span class='ocrx_word' id='word_1_105' title='bbox 1552 1409 1579 1456; x_wconf 91' lang='lat' dir='ltr'><strong>et</strong></span> <span class='ocrx_word' id='word_1_106' title='bbox 1591 1407 1690 1457; x_wconf 87' lang='grc'><strong>4447444</strong></span> 
     </span>
     <span class='ocr_line' id='line_1_11' title="bbox 344 1490 1689 1556; baseline -0.001 -10"><span class='ocrx_word' id='word_1_107' title='bbox 344 1497 481 1547; x_wconf 79' lang='lat' dir='ltr'>Romanus</span> <span class='ocrx_word' id='word_1_108' title='bbox 508 1492 564 1543; x_wconf 84' lang='lat' dir='ltr'>dux</span> <span class='ocrx_word' id='word_1_109' title='bbox 587 1491 728 1542; x_wconf 85' lang='lat' dir='ltr'>coniuncti</span> <span class='ocrx_word' id='word_1_110' title='bbox 752 1491 922 1552; x_wconf 84' lang='lat' dir='ltr'>exhibentur,</span> <span class='ocrx_word' id='word_1_111' title='bbox 950 1491 1020 1556; x_wconf 74' lang='grc'><strong>44444)</strong></span> <span class='ocrx_word' id='word_1_112' title='bbox 1040 1491 1169 1554; x_wconf 78' lang='lat' dir='ltr'>Martium)</span> <span class='ocrx_word' id='word_1_113' title='bbox 1191 1493 1239 1542; x_wconf 88' lang='lat' dir='ltr'><strong>aut</strong></span> <span class='ocrx_word' id='word_1_114' title='bbox 1258 1490 1376 1555; x_wconf 76' lang='lat' dir='ltr'>licrltns)</span> <span class='ocrx_word' id='word_1_115' title='bbox 1397 1490 1526 1554; x_wconf 74' lang='grc'><strong>8444444477]</strong></span> <span class='ocrx_word' id='word_1_116' title='bbox 1551 1493 1689 1544; x_wconf 87' lang='lat' dir='ltr'>intellecto</span> 
     </span>
     <span class='ocr_line' id='line_1_12' title="bbox 341 1576 1689 1642; baseline -0.001 -11"><span class='ocrx_word' id='word_1_117' title='bbox 341 1580 440 1632; x_wconf 82' lang='grc'><strong>4444444</strong></span> <span class='ocrx_word' id='word_1_118' title='bbox 453 1577 588 1630; x_wconf 88' lang='lat' dir='ltr'>vocabulo</span> <span class='ocrx_word' id='word_1_119' title='bbox 607 1577 759 1642; x_wconf 86' lang='lat' dir='ltr'>significare</span> <span class='ocrx_word' id='word_1_120' title='bbox 777 1579 898 1640; x_wconf 89' lang='lat' dir='ltr'>censuit;</span> <span class='ocrx_word' id='word_1_121' title='bbox 919 1576 953 1629; x_wconf 89' lang='lat' dir='ltr'><strong>ci.</strong></span> <span class='ocrx_word' id='word_1_122' title='bbox 966 1577 1034 1628; x_wconf 79' lang='lat' dir='ltr'>Sclt.</span> <span class='ocrx_word' id='word_1_123' title='bbox 1048 1591 1076 1642; x_wconf 90' lang='lat' dir='ltr'><strong>p.</strong></span> <span class='ocrx_word' id='word_1_124' title='bbox 1088 1581 1120 1627; x_wconf 84' lang='grc'><strong>47</strong></span> <span class='ocrx_word' id='word_1_125' title='bbox 1134 1577 1168 1627; x_wconf 86' lang='lat' dir='ltr'>ad</span> <span class='ocrx_word' id='word_1_126' title='bbox 1187 1591 1214 1627; x_wconf 93' lang='lat' dir='ltr'><strong>n.</strong></span> <span class='ocrx_word' id='word_1_127' title='bbox 1228 1581 1268 1626; x_wconf 89' lang='grc'><strong>44.</strong></span> <span class='ocrx_word' id='word_1_128' title='bbox 1300 1578 1416 1628; x_wconf 80' lang='lat' dir='ltr'>Maxime</span> <span class='ocrx_word' id='word_1_129' title='bbox 1432 1591 1497 1629; x_wconf 84' lang='lat' dir='ltr'>vero</span> <span class='ocrx_word' id='word_1_130' title='bbox 1516 1593 1549 1630; x_wconf 93' lang='lat' dir='ltr'><strong>eo</strong></span> <span class='ocrx_word' id='word_1_131' title='bbox 1568 1579 1689 1630; x_wconf 87' lang='lat' dir='ltr'>remedio</span> 
     </span>
     <span class='ocr_line' id='line_1_13' title="bbox 342 1662 1689 1732; baseline -0.001 -15"><span class='ocrx_word' id='word_1_132' title='bbox 342 1669 369 1717; x_wconf 93' lang='lat' dir='ltr'><strong>in</strong></span> <span class='ocrx_word' id='word_1_133' title='bbox 383 1664 551 1732; x_wconf 85' lang='lat' dir='ltr'>explicandis</span> <span class='ocrx_word' id='word_1_134' title='bbox 564 1663 787 1728; x_wconf 84' lang='lat' dir='ltr'>inscriptionibus</span> <span class='ocrx_word' id='word_1_135' title='bbox 805 1677 872 1715; x_wconf 90' lang='lat' dir='ltr'>usus</span> <span class='ocrx_word' id='word_1_136' title='bbox 890 1669 944 1725; x_wconf 89' lang='lat' dir='ltr'>est,</span> <span class='ocrx_word' id='word_1_137' title='bbox 965 1667 996 1714; x_wconf 92' lang='lat' dir='ltr'><strong>ut</strong></span> <span class='ocrx_word' id='word_1_138' title='bbox 1019 1665 1139 1727; x_wconf 92' lang='lat' dir='ltr'>ignotam</span> <span class='ocrx_word' id='word_1_139' title='bbox 1162 1663 1273 1714; x_wconf 82' lang='lat' dir='ltr'>aliunde</span> <span class='ocrx_word' id='word_1_140' title='bbox 1291 1676 1388 1714; x_wconf 90' lang='lat' dir='ltr'>vocem</span> <span class='ocrx_word' id='word_1_141' title='bbox 1405 1664 1449 1714; x_wconf 79' lang='lat' dir='ltr'><strong>vel</strong></span> <span class='ocrx_word' id='word_1_142' title='bbox 1467 1662 1582 1715; x_wconf 85' lang='lat' dir='ltr'>termam</span> <span class='ocrx_word' id='word_1_143' title='bbox 1606 1668 1689 1731; x_wconf 88' lang='lat' dir='ltr'>prisci</span> 
     </span>
     <span class='ocr_line' id='line_1_14' title="bbox 342 1748 1689 1816; baseline -0.001 -12"><span class='ocrx_word' id='word_1_144' title='bbox 342 1751 476 1804; x_wconf 89' lang='lat' dir='ltr'>sermonis</span> <span class='ocrx_word' id='word_1_145' title='bbox 495 1751 580 1800; x_wconf 86' lang='lat' dir='ltr'>Latini</span> <span class='ocrx_word' id='word_1_146' title='bbox 604 1750 646 1800; x_wconf 82' lang='lat' dir='ltr'><strong>vel</strong></span> <span class='ocrx_word' id='word_1_147' title='bbox 670 1748 781 1800; x_wconf 87' lang='lat' dir='ltr'>dialecti</span> <span class='ocrx_word' id='word_1_148' title='bbox 803 1749 920 1801; x_wconf 89' lang='lat' dir='ltr'>alicuius</span> <span class='ocrx_word' id='word_1_149' title='bbox 940 1749 1048 1801; x_wconf 86' lang='lat' dir='ltr'>Italicae</span> <span class='ocrx_word' id='word_1_150' title='bbox 1071 1762 1132 1801; x_wconf 90' lang='lat' dir='ltr'>esse</span> <span class='ocrx_word' id='word_1_151' title='bbox 1154 1751 1296 1813; x_wconf 86' lang='lat' dir='ltr'>statueret;</span> <span class='ocrx_word' id='word_1_152' title='bbox 1327 1749 1489 1814; x_wconf 90' lang='lat' dir='ltr'>quidquod</span> <span class='ocrx_word' id='word_1_153' title='bbox 1513 1750 1689 1816; x_wconf 77' lang='lat' dir='ltr'>alphabetum</span> 
     </span>
     <span class='ocr_line' id='line_1_15' title="bbox 342 1835 1689 1904; baseline -0.001 -14"><span class='ocrx_word' id='word_1_154' title='bbox 342 1837 512 1904; x_wconf 88' lang='lat' dir='ltr'>epichorium</span> <span class='ocrx_word' id='word_1_155' title='bbox 531 1837 558 1886; x_wconf 92' lang='lat' dir='ltr'><strong>iu</strong></span> <span class='ocrx_word' id='word_1_156' title='bbox 572 1849 599 1887; x_wconf 93' lang='lat' dir='ltr'><strong>n.</strong></span> <span class='ocrx_word' id='word_1_157' title='bbox 614 1837 647 1884; x_wconf 88' lang='grc'><strong>74</strong></span> <span class='ocrx_word' id='word_1_158' title='bbox 659 1849 687 1900; x_wconf 93' lang='lat' dir='ltr'><strong>p.</strong></span> <span class='ocrx_word' id='word_1_159' title='bbox 703 1837 751 1884; x_wconf 89' lang='grc'><strong>444</strong></span> <span class='ocrx_word' id='word_1_160' title='bbox 771 1835 903 1886; x_wconf 85' lang='lat' dir='ltr'>detexisse</span> <span class='ocrx_word' id='word_1_161' title='bbox 922 1835 974 1886; x_wconf 88' lang='lat' dir='ltr'>sibl</span> <span class='ocrx_word' id='word_1_162' title='bbox 987 1837 1063 1886; x_wconf 87' lang='lat' dir='ltr'>visus</span> <span class='ocrx_word' id='word_1_163' title='bbox 1075 1838 1124 1886; x_wconf 89' lang='lat' dir='ltr'>est.</span> <span class='ocrx_word' id='word_1_164' title='bbox 1148 1835 1279 1902; x_wconf 80' lang='lat' dir='ltr'>Exempla</span> <span class='ocrx_word' id='word_1_165' title='bbox 1291 1836 1425 1887; x_wconf 92' lang='lat' dir='ltr'>eiusmodi</span> <span class='ocrx_word' id='word_1_166' title='bbox 1438 1838 1689 1902; x_wconf 74' lang='lat' dir='ltr'>interpretationum</span> 
     </span>
     <span class='ocr_line' id='line_1_16' title="bbox 342 1919 762 1988; baseline -0.007 -13"><span class='ocrx_word' id='word_1_167' title='bbox 342 1923 552 1988; x_wconf 79' lang='lat' dir='ltr'>Bergliianarum</span> <span class='ocrx_word' id='word_1_168' title='bbox 563 1920 669 1972; x_wconf 90' lang='lat' dir='ltr'>subieci</span> <span class='ocrx_word' id='word_1_169' title='bbox 681 1919 762 1972; x_wconf 85' lang='lat' dir='ltr'>baec:</span> 
     </span>
    </p>
   </div>
   <div class='ocr_carea' id='block_1_3' title="bbox 414 2073 1113 2142">
    <p class='ocr_par' dir='ltr' id='par_1_3' title="bbox 414 2073 1113 2142">
     <span class='ocr_line' id='line_1_17' title="bbox 414 2073 1113 2142; baseline -0.003 -15"><span class='ocrx_word' id='word_1_170' title='bbox 414 2078 438 2140; x_wconf 84' lang='grc'><strong>4)</strong></span> <span class='ocrx_word' id='word_1_171' title='bbox 459 2077 651 2142; x_wconf 81' lang='lat' dir='ltr'>inscriptiones</span> <span class='ocrx_word' id='word_1_172' title='bbox 669 2076 803 2138; x_wconf 74' lang='lat' dir='ltr'>genuinae</span> <span class='ocrx_word' id='word_1_173' title='bbox 821 2089 837 2126; x_wconf 93' lang='lat' dir='ltr'>a</span> <span class='ocrx_word' id='word_1_174' title='bbox 855 2073 964 2126; x_wconf 80' lang='lat' dir='ltr'>falsario</span> <span class='ocrx_word' id='word_1_175' title='bbox 983 2087 1113 2126; x_wconf 80' lang='lat' dir='ltr'>excusae:</span> 
     </span>
    </p>
   </div>
   <div class='ocr_carea' id='block_1_4' title="bbox 495 2167 1688 2405">
    <p class='ocr_par' dir='ltr' id='par_1_4' title="bbox 495 2167 1688 2405">
     <span class='ocr_line' id='line_1_18' title="bbox 495 2167 1685 2237; baseline 0.001 -16"><span class='ocrx_word' id='word_1_176' title='bbox 495 2174 538 2237; x_wconf 68' lang='lat' dir='ltr'>gir,</span> <span class='ocrx_word' id='word_1_177' title='bbox 558 2169 630 2236; x_wconf 90' lang='lat' dir='ltr'>apud</span> <span class='ocrx_word' id='word_1_178' title='bbox 644 2183 694 2220; x_wconf 91' lang='lat' dir='ltr'>nos</span> <span class='ocrx_word' id='word_1_179' title='bbox 707 2183 734 2218; x_wconf 91' lang='lat' dir='ltr'><strong>n.</strong></span> <span class='ocrx_word' id='word_1_180' title='bbox 747 2172 761 2218; x_wconf 87' lang='grc'><strong>4</strong></span> <span class='ocrx_word' id='word_1_181' title='bbox 776 2182 802 2233; x_wconf 90' lang='lat' dir='ltr'><strong>p.</strong></span> <span class='ocrx_word' id='word_1_182' title='bbox 816 2169 857 2232; x_wconf 85' lang='grc'><strong>44]</strong></span> <span class='ocrx_word' id='word_1_183' title='bbox 873 2189 905 2212; x_wconf 89' lang='grc'><strong>--·</strong></span> <span class='ocrx_word' id='word_1_184' title='bbox 917 2169 968 2236; x_wconf 82' lang='grc' dir='ltr'><strong>πῦρ</strong></span> <span class='ocrx_word' id='word_1_185' title='bbox 981 2169 999 2218; x_wconf 88' lang='grc'><strong>4.</strong></span> <span class='ocrx_word' id='word_1_186' title='bbox 1011 2182 1035 2221; x_wconf 96' lang='lat' dir='ltr'><strong>e.</strong></span> <span class='ocrx_word' id='word_1_187' title='bbox 1047 2169 1123 2232; x_wconf 88' lang='lat' dir='ltr'>glans</span> <span class='ocrx_word' id='word_1_188' title='bbox 1137 2167 1182 2232; x_wconf 87' lang='lat' dir='ltr'>(cl.</span> <span class='ocrx_word' id='word_1_189' title='bbox 1191 2168 1243 2232; x_wconf 84' lang='lat' dir='ltr'>pir)</span> <span class='ocrx_word' id='word_1_190' title='bbox 1259 2168 1390 2232; x_wconf 86' lang='lat' dir='ltr'>Bergklus</span> <span class='ocrx_word' id='word_1_191' title='bbox 1404 2167 1472 2219; x_wconf 79' lang='lat' dir='ltr'>Soti.</span> <span class='ocrx_word' id='word_1_192' title='bbox 1484 2183 1511 2234; x_wconf 93' lang='lat' dir='ltr'><strong>p.</strong></span> <span class='ocrx_word' id='word_1_193' title='bbox 1525 2171 1566 2223; x_wconf 86' lang='grc'><strong>47.</strong></span> <span class='ocrx_word' id='word_1_194' title='bbox 1582 2174 1613 2220; x_wconf 94' lang='grc'><strong>44</strong></span> <span class='ocrx_word' id='word_1_195' title='bbox 1626 2185 1685 2237; x_wconf 88' lang='lat' dir='ltr'>sqq.</span> 
     </span>
     <span class='ocr_line' id='line_1_19' title="bbox 497 2253 1688 2320; baseline -0.001 -12"><span class='ocrx_word' id='word_1_196' title='bbox 497 2262 612 2319; x_wconf 82' lang='lat' dir='ltr'>optervc,</span> <span class='ocrx_word' id='word_1_197' title='bbox 634 2255 703 2305; x_wconf 87' lang='lat' dir='ltr'>male</span> <span class='ocrx_word' id='word_1_198' title='bbox 722 2255 823 2305; x_wconf 87' lang='lat' dir='ltr'>lectum</span> <span class='ocrx_word' id='word_1_199' title='bbox 841 2253 875 2304; x_wconf 94' lang='lat' dir='ltr'>ab</span> <span class='ocrx_word' id='word_1_200' title='bbox 893 2268 926 2305; x_wconf 94' lang='lat' dir='ltr'><strong>eo</strong></span> <span class='ocrx_word' id='word_1_201' title='bbox 945 2267 995 2319; x_wconf 90' lang='lat' dir='ltr'><strong>pro</strong></span> <span class='ocrx_word' id='word_1_202' title='bbox 1012 2259 1120 2319; x_wconf 76' lang='lat' dir='ltr'>optergd</span> <span class='ocrx_word' id='word_1_203' title='bbox 1138 2267 1165 2304; x_wconf 92' lang='lat' dir='ltr'><strong>u.</strong></span> <span class='ocrx_word' id='word_1_204' title='bbox 1180 2259 1227 2318; x_wconf 82' lang='grc'><strong>44;</strong></span> <span class='ocrx_word' id='word_1_205' title='bbox 1252 2254 1286 2305; x_wconf 91' lang='lat' dir='ltr'><strong>ci.</strong></span> <span class='ocrx_word' id='word_1_206' title='bbox 1297 2268 1324 2320; x_wconf 93' lang='lat' dir='ltr'><strong>p.</strong></span> <span class='ocrx_word' id='word_1_207' title='bbox 1341 2258 1388 2303; x_wconf 87' lang='grc'><strong>444</strong></span> <span class='ocrx_word' id='word_1_208' title='bbox 1409 2257 1436 2304; x_wconf 89' lang='grc'><strong>44</strong></span> <span class='ocrx_word' id='word_1_209' title='bbox 1456 2255 1513 2320; x_wconf 86' lang='grc'><strong>444]</strong></span> <span class='ocrx_word' id='word_1_210' title='bbox 1533 2276 1565 2300; x_wconf 82' lang='lat'>=</span> <span class='ocrx_word' id='word_1_211' title='bbox 1581 2259 1688 2310; x_wconf 78' lang='grc'><strong>4444444</strong></span> 
     </span>
     <span class='ocr_line' id='line_1_20' title="bbox 556 2343 701 2405; baseline -0.007 -16"><span class='ocrx_word' id='word_1_212' title='bbox 556 2354 583 2405; x_wconf 88' lang='lat' dir='ltr'><strong>p.</strong></span> <span class='ocrx_word' id='word_1_213' title='bbox 599 2343 641 2392; x_wconf 85' lang='grc'><strong>44,</strong></span> <span class='ocrx_word' id='word_1_214' title='bbox 658 2343 701 2388; x_wconf 84' lang='grc'><strong>747</strong></span> 
     </span>
    </p>
   </div>
   <div class='ocr_carea' id='block_1_5' title="bbox 498 2441 1439 2507">
    <p class='ocr_par' dir='ltr' id='par_1_5' title="bbox 498 2441 1439 2507">
     <span class='ocr_line' id='line_1_21' title="bbox 498 2441 1439 2507; baseline -0.003 -14"><span class='ocrx_word' id='word_1_215' title='bbox 498 2443 632 2507; x_wconf 77' lang='lat' dir='ltr'>lusciosis,</span> <span class='ocrx_word' id='word_1_216' title='bbox 653 2456 681 2492; x_wconf 93' lang='lat' dir='ltr'><strong>n.</strong></span> <span class='ocrx_word' id='word_1_217' title='bbox 696 2443 737 2506; x_wconf 91' lang='grc'><strong>87]</strong></span> <span class='ocrx_word' id='word_1_218' title='bbox 759 2463 790 2485; x_wconf 94' lang='lat'>=</span> <span class='ocrx_word' id='word_1_219' title='bbox 809 2441 910 2506; x_wconf 76' lang='grc'><strong>4444444]</strong></span> <span class='ocrx_word' id='word_1_220' title='bbox 930 2445 973 2492; x_wconf 86' lang='lat' dir='ltr'>vla</span> <span class='ocrx_word' id='word_1_221' title='bbox 991 2445 1032 2492; x_wconf 88' lang='grc'><strong>444</strong></span> <span class='ocrx_word' id='word_1_222' title='bbox 1050 2443 1067 2492; x_wconf 92' lang='lat' dir='ltr'><strong>i.</strong></span> <span class='ocrx_word' id='word_1_223' title='bbox 1082 2456 1106 2492; x_wconf 92' lang='lat' dir='ltr'><strong>e.</strong></span> <span class='ocrx_word' id='word_1_224' title='bbox 1121 2443 1203 2493; x_wconf 82' lang='lat' dir='ltr'>libero</span> <span class='ocrx_word' id='word_1_225' title='bbox 1219 2445 1263 2493; x_wconf 85' lang='grc'><strong>444</strong></span> <span class='ocrx_word' id='word_1_226' title='bbox 1281 2443 1329 2492; x_wconf 89' lang='grc'><strong>4444</strong></span> <span class='ocrx_word' id='word_1_227' title='bbox 1347 2456 1372 2507; x_wconf 88' lang='lat' dir='ltr'><strong>p.</strong></span> <span class='ocrx_word' id='word_1_228' title='bbox 1389 2443 1439 2490; x_wconf 89' lang='grc'><strong>444</strong></span> 
     </span>
    </p>
   </div>
   <div class='ocr_carea' id='block_1_6' title="bbox 414 2576 1688 2902">
    <p class='ocr_par' dir='ltr' id='par_1_6' title="bbox 414 2576 1688 2902">
     <span class='ocr_line' id='line_1_22' title="bbox 414 2576 1037 2644; baseline -0.002 -14"><span class='ocrx_word' id='word_1_229' title='bbox 414 2582 439 2644; x_wconf 87' lang='grc'><strong>4]</strong></span> <span class='ocrx_word' id='word_1_230' title='bbox 459 2579 600 2644; x_wconf 88' lang='lat' dir='ltr'>inscriptio</span> <span class='ocrx_word' id='word_1_231' title='bbox 619 2581 744 2643; x_wconf 88' lang='lat' dir='ltr'>suspecta</span> <span class='ocrx_word' id='word_1_232' title='bbox 762 2592 778 2628; x_wconf 97' lang='grc'><strong>4</strong></span> <span class='ocrx_word' id='word_1_233' title='bbox 796 2576 905 2628; x_wconf 78' lang='lat' dir='ltr'>falsario</span> <span class='ocrx_word' id='word_1_234' title='bbox 923 2591 1037 2630; x_wconf 80' lang='lat' dir='ltr'>excuse:</span> 
     </span>
     <span class='ocr_line' id='line_1_23' title="bbox 499 2663 1687 2735; baseline 0.002 -17"><span class='ocrx_word' id='word_1_235' title='bbox 499 2677 514 2718; x_wconf 86' lang='grc'><strong>7</strong></span> <span class='ocrx_word' id='word_1_236' title='bbox 533 2678 566 2716; x_wconf 85' lang='lat' dir='ltr'><strong>ex</strong></span> <span class='ocrx_word' id='word_1_237' title='bbox 585 2665 686 2714; x_wconf 85' lang='grc'><strong>44444444</strong></span> <span class='ocrx_word' id='word_1_238' title='bbox 705 2663 801 2727; x_wconf 85' lang='lat' dir='ltr'>glande</span> <span class='ocrx_word' id='word_1_239' title='bbox 819 2665 955 2729; x_wconf 89' lang='lat' dir='ltr'>suspecta,</span> <span class='ocrx_word' id='word_1_240' title='bbox 983 2664 1057 2730; x_wconf 91' lang='lat' dir='ltr'>apud</span> <span class='ocrx_word' id='word_1_241' title='bbox 1075 2677 1125 2714; x_wconf 88' lang='lat' dir='ltr'>nos</span> <span class='ocrx_word' id='word_1_242' title='bbox 1143 2677 1170 2714; x_wconf 94' lang='lat' dir='ltr'><strong>n.</strong></span> <span class='ocrx_word' id='word_1_243' title='bbox 1188 2665 1245 2729; x_wconf 94' lang='grc'><strong>444]</strong></span> <span class='ocrx_word' id='word_1_244' title='bbox 1266 2663 1326 2717; x_wconf 83' lang='lat' dir='ltr'>lert.</span> <span class='ocrx_word' id='word_1_245' title='bbox 1339 2689 1371 2712; x_wconf 92' lang='lat'><strong>=</strong></span> <span class='ocrx_word' id='word_1_246' title='bbox 1386 2671 1446 2734; x_wconf 76' lang='lat' dir='ltr'>plir)</span> <span class='ocrx_word' id='word_1_247' title='bbox 1467 2669 1596 2734; x_wconf 83' lang='lat' dir='ltr'>ilerglius</span> <span class='ocrx_word' id='word_1_248' title='bbox 1613 2684 1641 2735; x_wconf 91' lang='lat' dir='ltr'><strong>p.</strong></span> <span class='ocrx_word' id='word_1_249' title='bbox 1656 2672 1687 2720; x_wconf 96' lang='grc'><strong>44</strong></span> 
     </span>
     <span class='ocr_line' id='line_1_24' title="bbox 549 2743 1688 2815; baseline 0.004 -13"><span class='ocrx_word' id='word_1_250' title='bbox 549 2750 652 2802; x_wconf 90' lang='lat' dir='ltr'>addens</span> <span class='ocrx_word' id='word_1_251' title='bbox 665 2750 699 2802; x_wconf 91' lang='lat' dir='ltr'><strong>de</strong></span> <span class='ocrx_word' id='word_1_252' title='bbox 712 2750 765 2801; x_wconf 89' lang='lat' dir='ltr'>hac</span> <span class='ocrx_word' id='word_1_253' title='bbox 788 2763 803 2802; x_wconf 87' lang='grc'><strong>7</strong></span> <span class='ocrx_word' id='word_1_254' title='bbox 824 2751 882 2814; x_wconf 85' lang='grc'><strong>[444.</strong></span> <span class='ocrx_word' id='word_1_255' title='bbox 903 2763 956 2803; x_wconf 87' lang='grc'><strong>444</strong></span> <span class='ocrx_word' id='word_1_256' title='bbox 975 2750 1004 2814; x_wconf 79' lang='lat' dir='ltr'>n]</span> <span class='ocrx_word' id='word_1_257' title='bbox 1020 2743 1079 2802; x_wconf 82' lang='lat' dir='ltr'>‘der</span> <span class='ocrx_word' id='word_1_258' title='bbox 1092 2750 1328 2815; x_wconf 72' lang='lat' dir='ltr'>Sebritlcltorclcter</span> <span class='ocrx_word' id='word_1_259' title='bbox 1339 2759 1414 2806; x_wconf 80' lang='lat' dir='ltr'>waiet</span> <span class='ocrx_word' id='word_1_260' title='bbox 1426 2758 1480 2807; x_wconf 82' lang='grc'><strong>4444</strong></span> <span class='ocrx_word' id='word_1_261' title='bbox 1495 2755 1618 2806; x_wconf 78' lang='grc'><strong>44444444</strong></span> <span class='ocrx_word' id='word_1_262' title='bbox 1630 2757 1688 2806; x_wconf 75' lang='lat' dir='ltr'>dnn</span> 
     </span>
     <span class='ocr_line' id='line_1_25' title="bbox 550 2831 1684 2902; baseline 0.005 -14"><span class='ocrx_word' id='word_1_263' title='bbox 550 2837 867 2902; x_wconf 76' lang='lat' dir='ltr'>Bendesgenossenleriege</span> <span class='ocrx_word' id='word_1_264' title='bbox 879 2831 931 2894; x_wconf 70' lang='lat' dir='ltr'><strong>ad:</strong></span> <span class='ocrx_word' id='word_1_265' title='bbox 952 2837 1107 2888; x_wconf 90' lang='lat' dir='ltr'>cuiusmodi</span> <span class='ocrx_word' id='word_1_266' title='bbox 1124 2837 1332 2890; x_wconf 88' lang='lat' dir='ltr'>ratiocinatione</span> <span class='ocrx_word' id='word_1_267' title='bbox 1345 2843 1427 2892; x_wconf 88' lang='lat' dir='ltr'>etiam</span> <span class='ocrx_word' id='word_1_268' title='bbox 1442 2844 1468 2892; x_wconf 92' lang='lat' dir='ltr'><strong>in</strong></span> <span class='ocrx_word' id='word_1_269' title='bbox 1482 2841 1543 2893; x_wconf 85' lang='lat' dir='ltr'>aliis</span> <span class='ocrx_word' id='word_1_270' title='bbox 1555 2855 1621 2894; x_wconf 88' lang='lat' dir='ltr'>usus</span> <span class='ocrx_word' id='word_1_271' title='bbox 1634 2845 1684 2894; x_wconf 88' lang='grc'><strong>444.</strong></span> 
     </span>
    </p>
   </div>
   <div class='ocr_carea' id='block_1_7' title="bbox 413 2989 1685 3060">
    <p class='ocr_par' dir='ltr' id='par_1_7' title="bbox 413 2989 1685 3060">
     <span class='ocr_line' id='line_1_26' title="bbox 413 2989 1685 3060; baseline 0.002 -16"><span class='ocrx_word' id='word_1_272' title='bbox 413 2995 436 3058; x_wconf 86' lang='grc'><strong>4]</strong></span> <span class='ocrx_word' id='word_1_273' title='bbox 459 2992 652 3056; x_wconf 88' lang='lat' dir='ltr'>inscriptiones</span> <span class='ocrx_word' id='word_1_274' title='bbox 670 3003 686 3040; x_wconf 93' lang='lat' dir='ltr'>a</span> <span class='ocrx_word' id='word_1_275' title='bbox 704 2989 813 3041; x_wconf 82' lang='lat' dir='ltr'>falsario</span> <span class='ocrx_word' id='word_1_276' title='bbox 832 3003 865 3040; x_wconf 81' lang='lat' dir='ltr'><strong>ex</strong></span> <span class='ocrx_word' id='word_1_277' title='bbox 883 2991 984 3055; x_wconf 91' lang='lat' dir='ltr'>spuriis</span> <span class='ocrx_word' id='word_1_278' title='bbox 1002 2989 1045 3040; x_wconf 88' lang='lat' dir='ltr'>val</span> <span class='ocrx_word' id='word_1_279' title='bbox 1063 2990 1134 3042; x_wconf 90' lang='lat' dir='ltr'>male</span> <span class='ocrx_word' id='word_1_280' title='bbox 1152 2990 1229 3043; x_wconf 91' lang='lat' dir='ltr'>lectis</span> <span class='ocrx_word' id='word_1_281' title='bbox 1252 2996 1382 3060; x_wconf 87' lang='lat' dir='ltr'>repetitae</span> <span class='ocrx_word' id='word_1_282' title='bbox 1400 2998 1447 3047; x_wconf 89' lang='grc'><strong>444</strong></span> <span class='ocrx_word' id='word_1_283' title='bbox 1465 2999 1577 3047; x_wconf 90' lang='lat' dir='ltr'>omnino</span> <span class='ocrx_word' id='word_1_284' title='bbox 1596 2997 1685 3048; x_wconf 85' lang='lat' dir='ltr'>fictae:</span> 
     </span>
    </p>
   </div>
   <div class='ocr_carea' id='block_1_8' title="bbox 496 3085 1687 3234">
    <p class='ocr_par' dir='ltr' id='par_1_8' title="bbox 496 3085 1687 3234">
     <span class='ocr_line' id='line_1_27' title="bbox 496 3085 1687 3157; baseline 0.004 -20"><span class='ocrx_word' id='word_1_285' title='bbox 496 3087 533 3150; x_wconf 74' lang='grc'><strong>474</strong></span> <span class='ocrx_word' id='word_1_286' title='bbox 555 3098 605 3150; x_wconf 90' lang='lat' dir='ltr'><strong>pro</strong></span> <span class='ocrx_word' id='word_1_287' title='bbox 630 3099 656 3138; x_wconf 92' lang='lat' dir='ltr'><strong>n.</strong></span> <span class='ocrx_word' id='word_1_288' title='bbox 679 3088 710 3134; x_wconf 90' lang='grc'><strong>44</strong></span> <span class='ocrx_word' id='word_1_289' title='bbox 735 3096 789 3138; x_wconf 69' lang='lat' dir='ltr'><strong>sal</strong></span> <span class='ocrx_word' id='word_1_290' title='bbox 813 3086 830 3135; x_wconf 94' lang='lat' dir='ltr'><strong>i.</strong></span> <span class='ocrx_word' id='word_1_291' title='bbox 853 3099 876 3136; x_wconf 95' lang='grc'><strong>4.</strong></span> <span class='ocrx_word' id='word_1_292' title='bbox 895 3085 946 3149; x_wconf 73' lang='lat' dir='ltr'>seri</span> <span class='ocrx_word' id='word_1_293' title='bbox 964 3085 1073 3150; x_wconf 86' lang='lat' dir='ltr'>loetum]</span> <span class='ocrx_word' id='word_1_294' title='bbox 1103 3087 1131 3136; x_wconf 92' lang='lat' dir='ltr'>ln</span> <span class='ocrx_word' id='word_1_295' title='bbox 1158 3087 1274 3140; x_wconf 88' lang='lat' dir='ltr'>dialecto</span> <span class='ocrx_word' id='word_1_296' title='bbox 1294 3091 1392 3142; x_wconf 85' lang='lat' dir='ltr'>Picena</span> <span class='ocrx_word' id='word_1_297' title='bbox 1419 3105 1469 3157; x_wconf 93' lang='lat' dir='ltr'><strong>pro</strong></span> <span class='ocrx_word' id='word_1_298' title='bbox 1495 3092 1546 3154; x_wconf 79' lang='lat' dir='ltr'>sert</span> <span class='ocrx_word' id='word_1_299' title='bbox 1572 3091 1687 3154; x_wconf 90' lang='lat' dir='ltr'>dictum,</span> 
     </span>
     <span class='ocr_line' id='line_1_28' title="bbox 550 3170 834 3234; baseline -0.004 -14"><span class='ocrx_word' id='word_1_300' title='bbox 550 3170 680 3234; x_wconf 87' lang='lat' dir='ltr'>Bergiius</span> <span class='ocrx_word' id='word_1_301' title='bbox 697 3183 723 3234; x_wconf 94' lang='lat' dir='ltr'><strong>p.</strong></span> <span class='ocrx_word' id='word_1_302' title='bbox 741 3174 782 3220; x_wconf 91' lang='grc'><strong>74.</strong></span> <span class='ocrx_word' id='word_1_303' title='bbox 803 3173 834 3220; x_wconf 85' lang='grc'><strong>74</strong></span> 
     </span>
    </p>
   </div>
   <div class='ocr_carea' id='block_1_9' title="bbox 495 3262 1688 3426">
    <p class='ocr_par' dir='ltr' id='par_1_9' title="bbox 495 3262 1688 3426">
     <span class='ocr_line' id='line_1_29' title="bbox 495 3262 1688 3340; baseline 0.006 -16"><span class='ocrx_word' id='word_1_304' title='bbox 495 3278 548 3340; x_wconf 84' lang='lat' dir='ltr'>pir,</span> <span class='ocrx_word' id='word_1_305' title='bbox 570 3262 730 3339; x_wconf 85' lang='lat' dir='ltr'>corrupt&#39;um</span> <span class='ocrx_word' id='word_1_306' title='bbox 749 3287 782 3323; x_wconf 84' lang='lat' dir='ltr'><strong>ex</strong></span> <span class='ocrx_word' id='word_1_307' title='bbox 800 3283 863 3333; x_wconf 77' lang='lat' dir='ltr'>nia,</span> <span class='ocrx_word' id='word_1_308' title='bbox 890 3286 917 3324; x_wconf 92' lang='lat' dir='ltr'><strong>n.</strong></span> <span class='ocrx_word' id='word_1_309' title='bbox 933 3277 947 3322; x_wconf 89' lang='grc'><strong>4</strong></span> <span class='ocrx_word' id='word_1_310' title='bbox 966 3287 993 3338; x_wconf 94' lang='lat' dir='ltr'><strong>p.</strong></span> <span class='ocrx_word' id='word_1_311' title='bbox 1008 3273 1050 3337; x_wconf 90' lang='grc'><strong>47]</strong></span> <span class='ocrx_word' id='word_1_312' title='bbox 1071 3275 1098 3323; x_wconf 93' lang='lat' dir='ltr'><strong>in</strong></span> <span class='ocrx_word' id='word_1_313' title='bbox 1117 3275 1230 3336; x_wconf 88' lang='lat' dir='ltr'>Picena,</span> <span class='ocrx_word' id='word_1_314' title='bbox 1251 3278 1321 3327; x_wconf 93' lang='grc'><strong>44444</strong></span> <span class='ocrx_word' id='word_1_315' title='bbox 1340 3279 1368 3328; x_wconf 90' lang='lat' dir='ltr'><strong>in</strong></span> <span class='ocrx_word' id='word_1_316' title='bbox 1388 3277 1555 3330; x_wconf 88' lang='lat' dir='ltr'>Vmbrorum</span> <span class='ocrx_word' id='word_1_317' title='bbox 1573 3279 1688 3331; x_wconf 84' lang='lat' dir='ltr'>dialecto</span> 
     </span>
     <span class='ocr_line' id='line_1_30' title="bbox 550 3351 1129 3426; baseline -0.003 -16"><span class='ocrx_word' id='word_1_318' title='bbox 550 3379 582 3402; x_wconf 61' lang='grc' dir='ltr'><strong>ε</strong></span> <span class='ocrx_word' id='word_1_319' title='bbox 596 3360 655 3426; x_wconf 83' lang='grc' dir='ltr'><strong>πῦρ,</strong></span> <span class='ocrx_word' id='word_1_320' title='bbox 675 3358 702 3410; x_wconf 92' lang='lat' dir='ltr'><strong>b.</strong></span> <span class='ocrx_word' id='word_1_321' title='bbox 717 3358 734 3408; x_wconf 94' lang='lat' dir='ltr'><strong>l.</strong></span> <span class='ocrx_word' id='word_1_322' title='bbox 748 3358 821 3408; x_wconf 90' lang='lat' dir='ltr'>idem</span> <span class='ocrx_word' id='word_1_323' title='bbox 840 3357 913 3423; x_wconf 93' lang='lat' dir='ltr'>quod</span> <span class='ocrx_word' id='word_1_324' title='bbox 927 3351 1035 3422; x_wconf 87' lang='lat' dir='ltr'>‘glans‘‚</span> <span class='ocrx_word' id='word_1_325' title='bbox 1055 3372 1082 3424; x_wconf 94' lang='lat' dir='ltr'>p.</span> <span class='ocrx_word' id='word_1_326' title='bbox 1098 3361 1129 3408; x_wconf 90' lang='grc'><strong>44</strong></span> 
     </span>
    </p>
   </div>
   <div class='ocr_carea' id='block_1_10' title="bbox 497 3459 1687 4294">
    <p class='ocr_par' dir='ltr' id='par_1_10' title="bbox 501 3459 1261 3527">
     <span class='ocr_line' id='line_1_31' title="bbox 501 3459 1261 3527; baseline 0.001 -14"><span class='ocrx_word' id='word_1_327' title='bbox 501 3464 578 3525; x_wconf 79' lang='lat' dir='ltr'>tropi,</span> <span class='ocrx_word' id='word_1_328' title='bbox 599 3475 631 3512; x_wconf 82' lang='grc'><strong>47</strong></span> <span class='ocrx_word' id='word_1_329' title='bbox 649 3462 741 3526; x_wconf 89' lang='lat' dir='ltr'>spuria</span> <span class='ocrx_word' id='word_1_330' title='bbox 760 3475 787 3511; x_wconf 94' lang='lat' dir='ltr'><strong>n.</strong></span> <span class='ocrx_word' id='word_1_331' title='bbox 804 3459 853 3511; x_wconf 77' lang='lat' dir='ltr'><strong>lb*</strong></span> <span class='ocrx_word' id='word_1_332' title='bbox 866 3461 1014 3525; x_wconf 89' lang='lat' dir='ltr'>sumptum]</span> <span class='ocrx_word' id='word_1_333' title='bbox 1034 3475 1050 3511; x_wconf 89' lang='lat' dir='ltr'>a</span> <span class='ocrx_word' id='word_1_334' title='bbox 1068 3467 1169 3525; x_wconf 85' lang='lat' dir='ltr'>trepere</span> <span class='ocrx_word' id='word_1_335' title='bbox 1186 3475 1213 3527; x_wconf 92' lang='lat' dir='ltr'><strong>p.</strong></span> <span class='ocrx_word' id='word_1_336' title='bbox 1230 3467 1261 3514; x_wconf 88' lang='grc'><strong>84</strong></span> 
     </span>
    </p>

    <p class='ocr_par' dir='ltr' id='par_1_11' title="bbox 500 3545 1065 3611">
     <span class='ocr_line' id='line_1_32' title="bbox 500 3545 1065 3611; baseline -0.007 -13"><span class='ocrx_word' id='word_1_337' title='bbox 500 3553 567 3598; x_wconf 78' lang='grc'><strong>44474</strong></span> <span class='ocrx_word' id='word_1_338' title='bbox 584 3559 633 3611; x_wconf 93' lang='lat' dir='ltr'><strong>pro</strong></span> <span class='ocrx_word' id='word_1_339' title='bbox 651 3556 735 3600; x_wconf 86' lang='grc'><strong>70477</strong></span> <span class='ocrx_word' id='word_1_340' title='bbox 754 3559 781 3595; x_wconf 93' lang='lat' dir='ltr'><strong>u.</strong></span> <span class='ocrx_word' id='word_1_341' title='bbox 797 3549 820 3605; x_wconf 90' lang='grc'><strong>4,</strong></span> <span class='ocrx_word' id='word_1_342' title='bbox 836 3545 878 3608; x_wconf 87' lang='grc'><strong>44]</strong></span> <span class='ocrx_word' id='word_1_343' title='bbox 900 3545 974 3596; x_wconf 81' lang='lat' dir='ltr'>tuber</span> <span class='ocrx_word' id='word_1_344' title='bbox 990 3557 1017 3608; x_wconf 91' lang='lat' dir='ltr'><strong>p.</strong></span> <span class='ocrx_word' id='word_1_345' title='bbox 1034 3549 1065 3594; x_wconf 91' lang='grc'><strong>74</strong></span> 
     </span>
    </p>

    <p class='ocr_par' dir='ltr' id='par_1_12' title="bbox 499 3630 1313 3697">
     <span class='ocr_line' id='line_1_33' title="bbox 499 3630 1313 3697; baseline -0.004 -11"><span class='ocrx_word' id='word_1_346' title='bbox 499 3643 578 3686; x_wconf 84' lang='grc'><strong>70747</strong></span> <span class='ocrx_word' id='word_1_347' title='bbox 600 3645 634 3682; x_wconf 82' lang='lat' dir='ltr'><strong>ex</strong></span> <span class='ocrx_word' id='word_1_348' title='bbox 652 3641 733 3684; x_wconf 79' lang='grc'><strong>70744</strong></span> <span class='ocrx_word' id='word_1_349' title='bbox 752 3645 778 3683; x_wconf 92' lang='lat' dir='ltr'><strong>n.</strong></span> <span class='ocrx_word' id='word_1_350' title='bbox 795 3636 820 3694; x_wconf 89' lang='grc'><strong>4,</strong></span> <span class='ocrx_word' id='word_1_351' title='bbox 835 3635 867 3681; x_wconf 85' lang='grc'><strong>44</strong></span> <span class='ocrx_word' id='word_1_352' title='bbox 886 3630 1055 3694; x_wconf 89' lang='lat' dir='ltr'>corruptum]</span> <span class='ocrx_word' id='word_1_353' title='bbox 1078 3632 1220 3695; x_wconf 71' lang='lat' dir='ltr'>Palatium)</span> <span class='ocrx_word' id='word_1_354' title='bbox 1241 3647 1268 3697; x_wconf 94' lang='lat' dir='ltr'><strong>p.</strong></span> <span class='ocrx_word' id='word_1_355' title='bbox 1283 3637 1313 3682; x_wconf 88' lang='grc'><strong>44</strong></span> 
     </span>
    </p>

    <p class='ocr_par' dir='ltr' id='par_1_13' title="bbox 499 3716 1685 3788">
     <span class='ocr_line' id='line_1_34' title="bbox 499 3716 1685 3788; baseline 0.002 -16"><span class='ocrx_word' id='word_1_356' title='bbox 499 3727 586 3772; x_wconf 74' lang='lat' dir='ltr'>colia</span> <span class='ocrx_word' id='word_1_357' title='bbox 605 3731 638 3768; x_wconf 82' lang='lat' dir='ltr'><strong>ex</strong></span> <span class='ocrx_word' id='word_1_358' title='bbox 656 3727 739 3771; x_wconf 85' lang='grc'><strong>70747</strong></span> <span class='ocrx_word' id='word_1_359' title='bbox 753 3730 779 3767; x_wconf 92' lang='lat' dir='ltr'><strong>n.</strong></span> <span class='ocrx_word' id='word_1_360' title='bbox 792 3721 817 3779; x_wconf 83' lang='grc'><strong>4,</strong></span> <span class='ocrx_word' id='word_1_361' title='bbox 829 3721 843 3766; x_wconf 95' lang='grc'><strong>7</strong></span> <span class='ocrx_word' id='word_1_362' title='bbox 857 3716 1025 3780; x_wconf 84' lang='lat' dir='ltr'>corruptum]</span> <span class='ocrx_word' id='word_1_363' title='bbox 1041 3722 1154 3768; x_wconf 84' lang='grc'><strong>44744444</strong></span> <span class='ocrx_word' id='word_1_364' title='bbox 1166 3721 1213 3768; x_wconf 90' lang='lat' dir='ltr'><strong>aut</strong></span> <span class='ocrx_word' id='word_1_365' title='bbox 1227 3717 1348 3770; x_wconf 78' lang='lat' dir='ltr'>Conantes</span> <span class='ocrx_word' id='word_1_366' title='bbox 1360 3721 1408 3770; x_wconf 92' lang='grc'><strong>444</strong></span> <span class='ocrx_word' id='word_1_367' title='bbox 1422 3719 1630 3788; x_wconf 68' lang='lat' dir='ltr'>Coruncanii</span> <span class='ocrx_word' id='word_1_368' title='bbox 1645 3737 1685 3788; x_wconf 91' lang='lat' dir='ltr'><strong>sq.</strong></span> 
     </span>
    </p>

    <p class='ocr_par' dir='ltr' id='par_1_14' title="bbox 499 3801 1052 3866">
     <span class='ocr_line' id='line_1_35' title="bbox 499 3801 1052 3866; baseline -0.005 -13"><span class='ocrx_word' id='word_1_369' title='bbox 499 3817 547 3854; x_wconf 85' lang='lat' dir='ltr'><strong>eor</strong></span> <span class='ocrx_word' id='word_1_370' title='bbox 565 3817 598 3853; x_wconf 83' lang='lat' dir='ltr'><strong>ex</strong></span> <span class='ocrx_word' id='word_1_371' title='bbox 616 3817 643 3854; x_wconf 92' lang='lat' dir='ltr'><strong>n.</strong></span> <span class='ocrx_word' id='word_1_372' title='bbox 660 3805 691 3852; x_wconf 89' lang='grc'><strong>44</strong></span> <span class='ocrx_word' id='word_1_373' title='bbox 711 3802 782 3852; x_wconf 86' lang='lat' dir='ltr'>male</span> <span class='ocrx_word' id='word_1_374' title='bbox 800 3801 880 3865; x_wconf 88' lang='lat' dir='ltr'>lecte]</span> <span class='ocrx_word' id='word_1_375' title='bbox 901 3815 945 3853; x_wconf 85' lang='grc'><strong>444</strong></span> <span class='ocrx_word' id='word_1_376' title='bbox 963 3815 990 3866; x_wconf 95' lang='lat' dir='ltr'><strong>p.</strong></span> <span class='ocrx_word' id='word_1_377' title='bbox 1004 3805 1052 3850; x_wconf 85' lang='grc'><strong>444</strong></span> 
     </span>
    </p>

    <p class='ocr_par' dir='ltr' id='par_1_15' title="bbox 497 3885 1565 3956">
     <span class='ocr_line' id='line_1_36' title="bbox 497 3885 1565 3956; baseline 0.002 -18"><span class='ocrx_word' id='word_1_378' title='bbox 497 3901 574 3938; x_wconf 79' lang='lat' dir='ltr'>musa</span> <span class='ocrx_word' id='word_1_379' title='bbox 591 3902 625 3938; x_wconf 82' lang='lat' dir='ltr'><strong>ex</strong></span> <span class='ocrx_word' id='word_1_380' title='bbox 642 3902 668 3940; x_wconf 89' lang='grc' dir='ltr'><strong>ιι.</strong></span> <span class='ocrx_word' id='word_1_381' title='bbox 682 3892 713 3938; x_wconf 87' lang='grc'><strong>44</strong></span> <span class='ocrx_word' id='word_1_382' title='bbox 736 3889 835 3947; x_wconf 63' lang='lat' dir='ltr'>helvia,</span> <span class='ocrx_word' id='word_1_383' title='bbox 857 3885 891 3939; x_wconf 73' lang='lat' dir='ltr'><strong>ci.</strong></span> <span class='ocrx_word' id='word_1_384' title='bbox 906 3887 1007 3936; x_wconf 84' lang='lat' dir='ltr'>Minicil</span> <span class='ocrx_word' id='word_1_385' title='bbox 1025 3887 1181 3951; x_wconf 86' lang='lat' dir='ltr'>imaginem]</span> <span class='ocrx_word' id='word_1_386' title='bbox 1201 3901 1291 3939; x_wconf 80' lang='grc'><strong>444444</strong></span> <span class='ocrx_word' id='word_1_387' title='bbox 1310 3891 1327 3939; x_wconf 93' lang='lat' dir='ltr'><strong>i.</strong></span> <span class='ocrx_word' id='word_1_388' title='bbox 1342 3904 1366 3940; x_wconf 91' lang='grc'><strong>4.</strong></span> <span class='ocrx_word' id='word_1_389' title='bbox 1380 3890 1457 3953; x_wconf 88' lang='lat' dir='ltr'>glane</span> <span class='ocrx_word' id='word_1_390' title='bbox 1477 3904 1502 3956; x_wconf 92' lang='lat' dir='ltr'><strong>p.</strong></span> <span class='ocrx_word' id='word_1_391' title='bbox 1519 3893 1565 3941; x_wconf 86' lang='lat' dir='ltr'><strong>tlt</strong></span> 
     </span>
    </p>

    <p class='ocr_par' dir='ltr' id='par_1_16' title="bbox 499 3972 1171 4038">
     <span class='ocr_line' id='line_1_37' title="bbox 499 3972 1171 4038; baseline -0.004 -14"><span class='ocrx_word' id='word_1_392' title='bbox 499 3980 572 4025; x_wconf 82' lang='lat' dir='ltr'>laren</span> <span class='ocrx_word' id='word_1_393' title='bbox 591 3988 624 4024; x_wconf 85' lang='lat' dir='ltr'><strong>ex</strong></span> <span class='ocrx_word' id='word_1_394' title='bbox 643 3987 669 4023; x_wconf 95' lang='lat' dir='ltr'><strong>n.</strong></span> <span class='ocrx_word' id='word_1_395' title='bbox 685 3977 717 4022; x_wconf 85' lang='grc'><strong>48</strong></span> <span class='ocrx_word' id='word_1_396' title='bbox 731 3987 772 4036; x_wconf 92' lang='lat' dir='ltr'><strong>sq.</strong></span> <span class='ocrx_word' id='word_1_397' title='bbox 786 3986 836 4038; x_wconf 90' lang='lat' dir='ltr'><strong>pro</strong></span> <span class='ocrx_word' id='word_1_398' title='bbox 855 3972 949 4035; x_wconf 83' lang='grc'><strong>4477744]</strong></span> <span class='ocrx_word' id='word_1_399' title='bbox 971 3973 1064 4022; x_wconf 81' lang='lat' dir='ltr'>lucen?</span> <span class='ocrx_word' id='word_1_400' title='bbox 1082 3987 1107 4038; x_wconf 93' lang='lat' dir='ltr'><strong>p.</strong></span> <span class='ocrx_word' id='word_1_401' title='bbox 1122 3975 1171 4021; x_wconf 88' lang='grc'><strong>444</strong></span> 
     </span>
    </p>

    <p class='ocr_par' dir='ltr' id='par_1_17' title="bbox 499 4056 1441 4124">
     <span class='ocr_line' id='line_1_38' title="bbox 499 4056 1441 4124; baseline -0.001 -15"><span class='ocrx_word' id='word_1_402' title='bbox 499 4063 611 4109; x_wconf 75' lang='lat' dir='ltr'>veternos</span> <span class='ocrx_word' id='word_1_403' title='bbox 628 4071 662 4108; x_wconf 79' lang='lat' dir='ltr'><strong>er</strong></span> <span class='ocrx_word' id='word_1_404' title='bbox 679 4071 706 4110; x_wconf 93' lang='lat' dir='ltr'><strong>n.</strong></span> <span class='ocrx_word' id='word_1_405' title='bbox 723 4061 754 4107; x_wconf 87' lang='grc'><strong>44</strong></span> <span class='ocrx_word' id='word_1_406' title='bbox 773 4072 799 4109; x_wconf 92' lang='lat' dir='ltr'><strong>v.</strong></span> <span class='ocrx_word' id='word_1_407' title='bbox 814 4061 840 4119; x_wconf 83' lang='grc'><strong>4,</strong></span> <span class='ocrx_word' id='word_1_408' title='bbox 861 4056 896 4108; x_wconf 89' lang='grc'><strong>44.</strong></span> <span class='ocrx_word' id='word_1_409' title='bbox 911 4060 967 4108; x_wconf 87' lang='grc'><strong>444.</strong></span> <span class='ocrx_word' id='word_1_410' title='bbox 982 4059 1009 4106; x_wconf 87' lang='grc'><strong>44</strong></span> <span class='ocrx_word' id='word_1_411' title='bbox 1029 4057 1092 4121; x_wconf 85' lang='lat' dir='ltr'>line]</span> <span class='ocrx_word' id='word_1_412' title='bbox 1113 4059 1221 4109; x_wconf 83' lang='grc'><strong>44444444</strong></span> <span class='ocrx_word' id='word_1_413' title='bbox 1242 4059 1332 4120; x_wconf 80' lang='lat' dir='ltr'>(imus)</span> <span class='ocrx_word' id='word_1_414' title='bbox 1352 4073 1378 4124; x_wconf 95' lang='lat' dir='ltr'><strong>p.</strong></span> <span class='ocrx_word' id='word_1_415' title='bbox 1392 4063 1441 4108; x_wconf 88' lang='grc'><strong>444</strong></span> 
     </span>
    </p>

    <p class='ocr_par' dir='ltr' id='par_1_18' title="bbox 499 4133 1687 4294">
     <span class='ocr_line' id='line_1_39' title="bbox 499 4133 1687 4219; baseline 0 -21"><span class='ocrx_word' id='word_1_416' title='bbox 499 4158 519 4198; x_wconf 85' lang='grc' dir='ltr'><strong>ιι</strong></span> <span class='ocrx_word' id='word_1_417' title='bbox 538 4133 543 4219; x_wconf 75' lang='grc' dir='ltr'>Ι</span> <span class='ocrx_word' id='word_1_418' title='bbox 563 4155 614 4196; x_wconf 76' lang='lat' dir='ltr'><strong>een</strong></span> <span class='ocrx_word' id='word_1_419' title='bbox 636 4133 648 4218; x_wconf 70' lang='lat'>1</span> <span class='ocrx_word' id='word_1_420' title='bbox 669 4153 806 4197; x_wconf 69' lang='lat' dir='ltr'>octavia</span> <span class='ocrx_word' id='word_1_421' title='bbox 825 4157 859 4194; x_wconf 82' lang='lat' dir='ltr'><strong>er</strong></span> <span class='ocrx_word' id='word_1_422' title='bbox 877 4158 903 4194; x_wconf 94' lang='lat' dir='ltr'><strong>n.</strong></span> <span class='ocrx_word' id='word_1_423' title='bbox 920 4147 950 4193; x_wconf 87' lang='grc'><strong>44</strong></span> <span class='ocrx_word' id='word_1_424' title='bbox 967 4148 1021 4206; x_wconf 87' lang='lat' dir='ltr'>pet.</span> <span class='ocrx_word' id='word_1_425' title='bbox 1039 4145 1175 4195; x_wconf 83' lang='grc'><strong>0444744444</strong></span> <span class='ocrx_word' id='word_1_426' title='bbox 1193 4143 1288 4207; x_wconf 63' lang='lat' dir='ltr'>Mam]</span> <span class='ocrx_word' id='word_1_427' title='bbox 1304 4135 1366 4196; x_wconf 85' lang='lat' dir='ltr'>‘Die</span> <span class='ocrx_word' id='word_1_428' title='bbox 1380 4145 1541 4211; x_wconf 78' lang='lat' dir='ltr'>llrgdnzang</span> <span class='ocrx_word' id='word_1_429' title='bbox 1561 4146 1609 4210; x_wconf 80' lang='lat' dir='ltr'>(tilr</span> <span class='ocrx_word' id='word_1_430' title='bbox 1627 4151 1687 4213; x_wconf 87' lang='lat' dir='ltr'>pale</span> 
     </span>
     <span class='ocr_line' id='line_1_40' title="bbox 551 4219 1169 4294; baseline -0.003 -14"><span class='ocrx_word' id='word_1_431' title='bbox 551 4229 745 4294; x_wconf 78' lang='lat' dir='ltr'>Octavlulnum)</span> <span class='ocrx_word' id='word_1_432' title='bbox 765 4231 799 4280; x_wconf 84' lang='grc'><strong>444</strong></span> <span class='ocrx_word' id='word_1_433' title='bbox 816 4219 908 4280; x_wconf 84' lang='grc' dir='ltr'><strong>44444ν’</strong></span> <span class='ocrx_word' id='word_1_434' title='bbox 925 4242 952 4293; x_wconf 91' lang='lat' dir='ltr'><strong>p.</strong></span> <span class='ocrx_word' id='word_1_435' title='bbox 968 4231 1027 4288; x_wconf 82' lang='grc'><strong>444.</strong></span> <span class='ocrx_word' id='word_1_436' title='bbox 1047 4227 1081 4280; x_wconf 85' lang='grc'><strong>44.</strong></span> <span class='ocrx_word' id='word_1_437' title='bbox 1096 4243 1122 4294; x_wconf 93' lang='lat' dir='ltr'><strong>p.</strong></span> <span class='ocrx_word' id='word_1_438' title='bbox 1138 4233 1169 4278; x_wconf 88' lang='grc'><strong>44</strong></span> 
     </span>
    </p>
   </div>
   <div class='ocr_carea' id='block_1_11' title="bbox 502 4329 1688 4487">
    <p class='ocr_par' dir='ltr' id='par_1_19' title="bbox 502 4329 1688 4487">
     <span class='ocr_line' id='line_1_41' title="bbox 502 4329 1688 4399; baseline 0.002 -13"><span class='ocrx_word' id='word_1_439' title='bbox 502 4333 637 4386; x_wconf 76' lang='lat' dir='ltr'>Censores</span> <span class='ocrx_word' id='word_1_440' title='bbox 655 4347 686 4384; x_wconf 84' lang='lat' dir='ltr'><strong>ex</strong></span> <span class='ocrx_word' id='word_1_441' title='bbox 707 4343 867 4386; x_wconf 74' lang='lat' dir='ltr'>causauvs</span> <span class='ocrx_word' id='word_1_442' title='bbox 885 4345 912 4381; x_wconf 94' lang='lat' dir='ltr'><strong>n.</strong></span> <span class='ocrx_word' id='word_1_443' title='bbox 928 4335 958 4380; x_wconf 87' lang='grc'><strong>44</strong></span> <span class='ocrx_word' id='word_1_444' title='bbox 979 4345 995 4381; x_wconf 89' lang='grc'><strong>4</strong></span> <span class='ocrx_word' id='word_1_445' title='bbox 1013 4329 1122 4382; x_wconf 84' lang='lat' dir='ltr'>leiserio</span> <span class='ocrx_word' id='word_1_446' title='bbox 1146 4331 1264 4382; x_wconf 89' lang='lat' dir='ltr'>litteram</span> <span class='ocrx_word' id='word_1_447' title='bbox 1283 4346 1301 4386; x_wconf 92' lang='grc' dir='ltr'><strong>ιι</strong></span> <span class='ocrx_word' id='word_1_448' title='bbox 1320 4332 1389 4383; x_wconf 82' lang='grc'><strong>74444</strong></span> <span class='ocrx_word' id='word_1_449' title='bbox 1414 4334 1599 4399; x_wconf 87' lang='lat' dir='ltr'>interpretanti</span> <span class='ocrx_word' id='word_1_450' title='bbox 1625 4349 1688 4388; x_wconf 88' lang='lat' dir='ltr'>cor-</span> 
     </span>
     <span class='ocr_line' id='line_1_42' title="bbox 551 4415 1685 4487; baseline 0.004 -19"><span class='ocrx_word' id='word_1_451' title='bbox 551 4418 669 4483; x_wconf 90' lang='lat' dir='ltr'>ruptum]</span> <span class='ocrx_word' id='word_1_452' title='bbox 693 4417 794 4469; x_wconf 80' lang='lat' dir='ltr'>Ceasar</span> <span class='ocrx_word' id='word_1_453' title='bbox 812 4417 948 4480; x_wconf 80' lang='lat' dir='ltr'>(alludens</span> <span class='ocrx_word' id='word_1_454' title='bbox 965 4415 1001 4466; x_wconf 92' lang='lat' dir='ltr'>ad</span> <span class='ocrx_word' id='word_1_455' title='bbox 1018 4416 1178 4478; x_wconf 78' lang='grc'><strong>4444444474)</strong></span> <span class='ocrx_word' id='word_1_456' title='bbox 1197 4417 1259 4467; x_wconf 88' lang='grc'><strong>4444</strong></span> <span class='ocrx_word' id='word_1_457' title='bbox 1276 4417 1386 4469; x_wconf 91' lang='lat' dir='ltr'>militari</span> <span class='ocrx_word' id='word_1_458' title='bbox 1407 4433 1457 4484; x_wconf 92' lang='lat' dir='ltr'><strong>pro</strong></span> <span class='ocrx_word' id='word_1_459' title='bbox 1479 4421 1578 4472; x_wconf 80' lang='lat' dir='ltr'>Caesar</span> <span class='ocrx_word' id='word_1_460' title='bbox 1595 4437 1621 4487; x_wconf 93' lang='lat' dir='ltr'><strong>p.</strong></span> <span class='ocrx_word' id='word_1_461' title='bbox 1637 4427 1685 4472; x_wconf 92' lang='grc'><strong>444</strong></span> 
     </span>
    </p>
   </div>
   <div class='ocr_carea' id='block_1_12' title="bbox 496 4519 1687 4928">
    <p class='ocr_par' dir='ltr' id='par_1_20' title="bbox 496 4519 1500 4586">
     <span class='ocr_line' id='line_1_43' title="bbox 496 4519 1500 4586; baseline 0.002 -16"><span class='ocrx_word' id='word_1_462' title='bbox 496 4533 558 4585; x_wconf 78' lang='lat' dir='ltr'>pec,</span> <span class='ocrx_word' id='word_1_463' title='bbox 579 4519 613 4572; x_wconf 91' lang='lat' dir='ltr'><strong>cl.</strong></span> <span class='ocrx_word' id='word_1_464' title='bbox 630 4535 655 4585; x_wconf 90' lang='lat' dir='ltr'><strong>p.</strong></span> <span class='ocrx_word' id='word_1_465' title='bbox 672 4523 720 4570; x_wconf 87' lang='grc'><strong>484</strong></span> <span class='ocrx_word' id='word_1_466' title='bbox 740 4521 766 4570; x_wconf 94' lang='lat' dir='ltr'><strong>in</strong></span> <span class='ocrx_word' id='word_1_467' title='bbox 786 4519 876 4569; x_wconf 91' lang='lat' dir='ltr'>indice</span> <span class='ocrx_word' id='word_1_468' title='bbox 889 4519 1045 4584; x_wconf 87' lang='lat' dir='ltr'>spuriarum</span> <span class='ocrx_word' id='word_1_469' title='bbox 1059 4520 1112 4569; x_wconf 93' lang='lat' dir='ltr'>inc.</span> <span class='ocrx_word' id='word_1_470' title='bbox 1128 4519 1188 4570; x_wconf 90' lang='lat' dir='ltr'>lect.</span> <span class='ocrx_word' id='word_1_471' title='bbox 1204 4520 1245 4584; x_wconf 88' lang='grc'><strong>44]</strong></span> <span class='ocrx_word' id='word_1_472' title='bbox 1267 4541 1299 4563; x_wconf 94' lang='lat'><em>=</em></span> <span class='ocrx_word' id='word_1_473' title='bbox 1317 4525 1394 4584; x_wconf 82' lang='lat' dir='ltr'>pecie</span> <span class='ocrx_word' id='word_1_474' title='bbox 1412 4536 1437 4586; x_wconf 95' lang='lat' dir='ltr'><strong>p.</strong></span> <span class='ocrx_word' id='word_1_475' title='bbox 1454 4525 1500 4573; x_wconf 86' lang='grc'><strong>444</strong></span> 
     </span>
    </p>

    <p class='ocr_par' dir='ltr' id='par_1_21' title="bbox 499 4604 1311 4670">
     <span class='ocr_line' id='line_1_44' title="bbox 499 4604 1311 4670; baseline -0.004 -12"><span class='ocrx_word' id='word_1_476' title='bbox 499 4607 583 4670; x_wconf 75' lang='lat' dir='ltr'>olfait]</span> <span class='ocrx_word' id='word_1_477' title='bbox 656 4605 716 4658; x_wconf 85' lang='grc'><strong>4444</strong></span> <span class='ocrx_word' id='word_1_478' title='bbox 732 4605 782 4669; x_wconf 74' lang='grc'><strong>[444</strong></span> <span class='ocrx_word' id='word_1_479' title='bbox 802 4604 859 4666; x_wconf 76' lang='lat' dir='ltr'>(suit</span> <span class='ocrx_word' id='word_1_480' title='bbox 877 4625 909 4646; x_wconf 92' lang='lat'><em>=</em></span> <span class='ocrx_word' id='word_1_481' title='bbox 926 4605 961 4669; x_wconf 71' lang='grc'><strong>447</strong></span> <span class='ocrx_word' id='word_1_482' title='bbox 979 4605 996 4654; x_wconf 87' lang='grc'><strong>4.</strong></span> <span class='ocrx_word' id='word_1_483' title='bbox 1012 4618 1037 4654; x_wconf 91' lang='grc'><strong>4.</strong></span> <span class='ocrx_word' id='word_1_484' title='bbox 1052 4604 1136 4668; x_wconf 87' lang='lat' dir='ltr'>glans)</span> <span class='ocrx_word' id='word_1_485' title='bbox 1159 4617 1187 4668; x_wconf 94' lang='lat' dir='ltr'><strong>p.</strong></span> <span class='ocrx_word' id='word_1_486' title='bbox 1202 4607 1243 4657; x_wconf 88' lang='grc'><strong>44.</strong></span> <span class='ocrx_word' id='word_1_487' title='bbox 1264 4608 1311 4655; x_wconf 90' lang='grc'><strong>444</strong></span> 
     </span>
    </p>

    <p class='ocr_par' dir='ltr' id='par_1_22' title="bbox 499 4689 1145 4758">
     <span class='ocr_line' id='line_1_45' title="bbox 499 4689 1145 4758; baseline -0.008 -15"><span class='ocrx_word' id='word_1_488' title='bbox 499 4707 530 4743; x_wconf 83' lang='grc'><strong>47</strong></span> <span class='ocrx_word' id='word_1_489' title='bbox 547 4692 591 4756; x_wconf 73' lang='grc'><strong>[44.</strong></span> <span class='ocrx_word' id='word_1_490' title='bbox 613 4692 646 4756; x_wconf 72' lang='grc'><strong>44.</strong></span> <span class='ocrx_word' id='word_1_491' title='bbox 661 4705 688 4758; x_wconf 85' lang='lat' dir='ltr'><strong>p.</strong></span> <span class='ocrx_word' id='word_1_492' title='bbox 705 4694 753 4740; x_wconf 88' lang='grc'><strong>444</strong></span> <span class='ocrx_word' id='word_1_493' title='bbox 772 4703 800 4741; x_wconf 87' lang='grc' dir='ltr'>ιι.</span> <span class='ocrx_word' id='word_1_494' title='bbox 814 4689 874 4752; x_wconf 87' lang='grc'><strong>444]</strong></span> <span class='ocrx_word' id='word_1_495' title='bbox 895 4709 927 4732; x_wconf 90' lang='lat'>=</span> <span class='ocrx_word' id='word_1_496' title='bbox 946 4703 974 4740; x_wconf 90' lang='grc'><strong>44</strong></span> <span class='ocrx_word' id='word_1_497' title='bbox 991 4689 1043 4752; x_wconf 79' lang='lat' dir='ltr'>seri</span> <span class='ocrx_word' id='word_1_498' title='bbox 1059 4702 1087 4754; x_wconf 94' lang='lat' dir='ltr'><strong>p.</strong></span> <span class='ocrx_word' id='word_1_499' title='bbox 1101 4693 1145 4739; x_wconf 86' lang='grc'><strong>444</strong></span> 
     </span>
    </p>

    <p class='ocr_par' dir='ltr' id='par_1_23' title="bbox 498 4776 1687 4928">
     <span class='ocr_line' id='line_1_46' title="bbox 498 4776 1687 4842; baseline 0.001 -11"><span class='ocrx_word' id='word_1_500' title='bbox 498 4789 663 4833; x_wconf 57' lang='grc'><strong>40474144</strong></span> <span class='ocrx_word' id='word_1_501' title='bbox 684 4777 727 4838; x_wconf 84' lang='lat' dir='ltr'><strong>lde</strong></span> <span class='ocrx_word' id='word_1_502' title='bbox 746 4788 766 4828; x_wconf 93' lang='lat' dir='ltr'>v</span> <span class='ocrx_word' id='word_1_503' title='bbox 785 4791 801 4826; x_wconf 92' lang='lat' dir='ltr'>a</span> <span class='ocrx_word' id='word_1_504' title='bbox 820 4776 929 4827; x_wconf 78' lang='lat' dir='ltr'>falsario</span> <span class='ocrx_word' id='word_1_505' title='bbox 948 4789 1154 4842; x_wconf 87' lang='lat' dir='ltr'>nonnumquam</span> <span class='ocrx_word' id='word_1_506' title='bbox 1172 4777 1295 4829; x_wconf 88' lang='lat' dir='ltr'>adbibita</span> <span class='ocrx_word' id='word_1_507' title='bbox 1314 4779 1436 4830; x_wconf 85' lang='lat' dir='ltr'>dixeram</span> <span class='ocrx_word' id='word_1_508' title='bbox 1450 4781 1607 4832; x_wconf 80' lang='lat' dir='ltr'>Monotrber.</span> <span class='ocrx_word' id='word_1_509' title='bbox 1620 4786 1687 4832; x_wconf 85' lang='grc'><strong>4874</strong></span> 
     </span>
     <span class='ocr_line' id='line_1_47' title="bbox 550 4861 1155 4928; baseline 0 -17"><span class='ocrx_word' id='word_1_510' title='bbox 550 4877 577 4928; x_wconf 90' lang='lat' dir='ltr'><strong>p.</strong></span> <span class='ocrx_word' id='word_1_511' title='bbox 595 4863 648 4928; x_wconf 82' lang='grc'><strong>74]]</strong></span> <span class='ocrx_word' id='word_1_512' title='bbox 674 4864 699 4914; x_wconf 84' lang='lat' dir='ltr'><strong>V.</strong></span> <span class='ocrx_word' id='word_1_513' title='bbox 720 4863 901 4928; x_wconf 72' lang='lat' dir='ltr'>(praenomen)</span> <span class='ocrx_word' id='word_1_514' title='bbox 925 4861 1059 4926; x_wconf 77' lang='grc'><strong>04444444]</strong></span> <span class='ocrx_word' id='word_1_515' title='bbox 1081 4876 1107 4928; x_wconf 90' lang='lat' dir='ltr'><strong>p.</strong></span> <span class='ocrx_word' id='word_1_516' title='bbox 1124 4866 1155 4912; x_wconf 86' lang='grc'><strong>44</strong></span> 
     </span>
    </p>
   </div>
   <div class='ocr_carea' id='block_1_13' title="bbox 499 4964 1684 5117">
    <p class='ocr_par' dir='ltr' id='par_1_24' title="bbox 499 4964 1684 5117">
     <span class='ocr_line' id='line_1_48' title="bbox 499 4964 1684 5034; baseline 0.003 -18"><span class='ocrx_word' id='word_1_517' title='bbox 499 4967 536 5020; x_wconf 86' lang='grc'><strong>44.</strong></span> <span class='ocrx_word' id='word_1_518' title='bbox 561 4965 729 5026; x_wconf 63' lang='lat' dir='ltr'>codetanus,</span> <span class='ocrx_word' id='word_1_519' title='bbox 758 4967 775 5015; x_wconf 92' lang='lat' dir='ltr'><strong>i.</strong></span> <span class='ocrx_word' id='word_1_520' title='bbox 799 4979 823 5017; x_wconf 92' lang='grc'><strong>4.</strong></span> <span class='ocrx_word' id='word_1_521' title='bbox 849 4964 980 5026; x_wconf 72' lang='grc'><strong>4444744444)</strong></span> <span class='ocrx_word' id='word_1_522' title='bbox 1007 4964 1160 5016; x_wconf 79' lang='lat' dir='ltr'>Coriolanus</span> <span class='ocrx_word' id='word_1_523' title='bbox 1178 4969 1209 5016; x_wconf 91' lang='lat' dir='ltr'><strong>ut</strong></span> <span class='ocrx_word' id='word_1_524' title='bbox 1233 4966 1407 5018; x_wconf 88' lang='lat' dir='ltr'>ostenderem</span> <span class='ocrx_word' id='word_1_525' title='bbox 1432 4967 1499 5020; x_wconf 91' lang='lat' dir='ltr'>ibid.</span> <span class='ocrx_word' id='word_1_526' title='bbox 1519 4982 1546 5034; x_wconf 93' lang='lat' dir='ltr'><strong>p.</strong></span> <span class='ocrx_word' id='word_1_527' title='bbox 1568 4973 1610 5020; x_wconf 87' lang='grc'><strong>44.</strong></span> <span class='ocrx_word' id='word_1_528' title='bbox 1638 4974 1684 5028; x_wconf 88' lang='grc'><strong>84;</strong></span> 
     </span>
     <span class='ocr_line' id='line_1_49' title="bbox 549 5049 1343 5117; baseline 0.001 -16"><span class='ocrx_word' id='word_1_529' title='bbox 549 5049 583 5101; x_wconf 85' lang='grc'><strong>44.</strong></span> <span class='ocrx_word' id='word_1_530' title='bbox 598 5064 681 5117; x_wconf 85' lang='lat' dir='ltr'>supra</span> <span class='ocrx_word' id='word_1_531' title='bbox 693 5063 720 5115; x_wconf 90' lang='lat' dir='ltr'><strong>p.</strong></span> <span class='ocrx_word' id='word_1_532' title='bbox 736 5049 778 5114; x_wconf 89' lang='grc'><strong>44]</strong></span> <span class='ocrx_word' id='word_1_533' title='bbox 800 5051 836 5100; x_wconf 87' lang='grc'><strong>44.</strong></span> <span class='ocrx_word' id='word_1_534' title='bbox 858 5063 1024 5114; x_wconf 89' lang='lat' dir='ltr'>praenomen</span> <span class='ocrx_word' id='word_1_535' title='bbox 1042 5052 1235 5116; x_wconf 87' lang='lat' dir='ltr'>interpretatur</span> <span class='ocrx_word' id='word_1_536' title='bbox 1252 5065 1279 5116; x_wconf 93' lang='lat' dir='ltr'><strong>p.</strong></span> <span class='ocrx_word' id='word_1_537' title='bbox 1296 5055 1343 5102; x_wconf 87' lang='grc'><strong>444</strong></span> 
     </span>
    </p>
   </div>
   <div class='ocr_carea' id='block_1_14' title="bbox 498 5143 1684 5306">
    <p class='ocr_par' dir='ltr' id='par_1_25' title="bbox 498 5143 1684 5306">
     <span class='ocr_line' id='line_1_50' title="bbox 498 5143 1684 5229; baseline 0.002 -22"><span class='ocrx_word' id='word_1_538' title='bbox 498 5165 616 5208; x_wconf 73' lang='lat' dir='ltr'>Mens-n</span> <span class='ocrx_word' id='word_1_539' title='bbox 635 5143 640 5229; x_wconf 82' lang='grc' dir='ltr'>Ι</span> <span class='ocrx_word' id='word_1_540' title='bbox 661 5165 752 5207; x_wconf 74' lang='lat' dir='ltr'>nona</span> <span class='ocrx_word' id='word_1_541' title='bbox 774 5166 807 5202; x_wconf 85' lang='lat' dir='ltr'><strong>cx</strong></span> <span class='ocrx_word' id='word_1_542' title='bbox 820 5165 931 5204; x_wconf 88' lang='lat' dir='ltr'>nummo</span> <span class='ocrx_word' id='word_1_543' title='bbox 950 5151 1087 5204; x_wconf 83' lang='lat' dir='ltr'>alalsario</span> <span class='ocrx_word' id='word_1_544' title='bbox 1107 5155 1250 5220; x_wconf 84' lang='lat' dir='ltr'>repetitum</span> <span class='ocrx_word' id='word_1_545' title='bbox 1262 5167 1322 5206; x_wconf 90' lang='lat' dir='ltr'>esse</span> <span class='ocrx_word' id='word_1_546' title='bbox 1341 5156 1514 5207; x_wconf 86' lang='lat' dir='ltr'>ostenderam</span> <span class='ocrx_word' id='word_1_547' title='bbox 1528 5157 1684 5209; x_wconf 81' lang='grc'><strong>4444444447.</strong></span> 
     </span>
     <span class='ocr_line' id='line_1_51' title="bbox 552 5237 1470 5306; baseline 0.002 -18"><span class='ocrx_word' id='word_1_548' title='bbox 552 5243 617 5290; x_wconf 88' lang='grc'><strong>4474</strong></span> <span class='ocrx_word' id='word_1_549' title='bbox 635 5253 663 5304; x_wconf 93' lang='lat' dir='ltr'><strong>p.</strong></span> <span class='ocrx_word' id='word_1_550' title='bbox 679 5243 725 5299; x_wconf 68' lang='lat'><strong>⁷²5</strong></span> <span class='ocrx_word' id='word_1_551' title='bbox 747 5237 782 5290; x_wconf 90' lang='lat' dir='ltr'><strong>cl.</strong></span> <span class='ocrx_word' id='word_1_552' title='bbox 797 5252 879 5304; x_wconf 87' lang='lat' dir='ltr'>supra</span> <span class='ocrx_word' id='word_1_553' title='bbox 898 5252 925 5304; x_wconf 91' lang='lat' dir='ltr'><strong>p.</strong></span> <span class='ocrx_word' id='word_1_554' title='bbox 941 5239 982 5302; x_wconf 92' lang='grc'><strong>48]</strong></span> <span class='ocrx_word' id='word_1_555' title='bbox 1004 5259 1036 5282; x_wconf 87' lang='grc'><strong>--</strong></span> <span class='ocrx_word' id='word_1_556' title='bbox 1054 5244 1119 5291; x_wconf 88' lang='lat' dir='ltr'>mete</span> <span class='ocrx_word' id='word_1_557' title='bbox 1136 5239 1199 5304; x_wconf 72' lang='lat' dir='ltr'>ntus)</span> <span class='ocrx_word' id='word_1_558' title='bbox 1219 5243 1267 5290; x_wconf 90' lang='lat' dir='ltr'><strong>aut</strong></span> <span class='ocrx_word' id='word_1_559' title='bbox 1284 5241 1359 5304; x_wconf 74' lang='grc'><strong>74444]</strong></span> <span class='ocrx_word' id='word_1_560' title='bbox 1379 5254 1405 5306; x_wconf 93' lang='lat' dir='ltr'><strong>p.</strong></span> <span class='ocrx_word' id='word_1_561' title='bbox 1423 5243 1470 5291; x_wconf 87' lang='grc'><strong>744</strong></span> 
     </span>
    </p>
   </div>
   <div class='ocr_carea' id='block_1_15' title="bbox 0 0 1890 5992">
    <p class='ocr_par' dir='ltr' id='par_1_26' title="bbox 0 0 1890 5992">
     <span class='ocr_line' id='line_1_52' title="bbox 0 0 1890 5992; baseline 0 1"><span class='ocrx_word' id='word_1_562' title='bbox 0 0 1890 5992; x_wconf 95' lang='lat' dir='ltr'><strong> </strong></span> 
     </span>
    </p>
   </div>
  </div>
 </body>
</html>
