3706 5976
310 561 364 608 ΧΠ
881 549 1082 599 PRAEFATIO.

311 724 430 804 oport
454 742 496 783 rn.
522 722 585 782 alta
606 730 697 800 sunt,
729 721 890 800 glandium
920 722 1016 800 igitur
1038 719 1214 782 crassitudo
1236 721 1371 780 niaxima
1394 731 1462 780 erat
1487 722 1583 796 0,lllh
1608 741 1650 782 m.

311 827 518 906 Inscriptione
540 825 617 886 baec
634 823 764 903 quidem
787 823 942 905 particula
958 833 1055 884 caret.
1096 823 1214 885 Similis
1237 831 1286 884 est
1300 823 1406 884 Sicula
1430 825 1530 903 glanS,
1556 843 1652 904 quam

311 927 441 989 exbibet
469 927 593 988 Salinas
623 923 740 988 Annali
761 926 792 988 d.
819 928 895 988 last.
929 927 1011 986 4878
1042 925 1105 988 tab.
1125 926 1185 1004 69,
1212 945 1244 1006 p.
1263 925 1316 987 39.
1348 959 1392 971 -
1419 926 1497 987 Cum
1535 927 1653 988 multae

311 1029 473 1110 glandium
507 1049 524 1092 a
547 1049 598 1092 me
621 1030 871 1092 examinatarum
895 1037 958 1091 tarn
975 1031 1112 1092 Graecae
1135 1047 1230 1109 quarn
1249 1030 1375 1090 Latinae
1397 1030 1566 1092 ostendant
1590 1029 1654 1092 lor-

310 1152 379 1194 mae
402 1151 477 1195 suae
501 1132 657 1212 foramen,
684 1151 747 1213 quo
769 1132 935 1213 plumbum
969 1130 1213 1210 infundebatur,
1240 1151 1302 1193 non
1328 1134 1359 1193 in
1384 1133 1482 1194 latere
1510 1131 1555 1213 (ut
1578 1133 1649 1213 444)

310 1235 367 1298 sed
391 1236 423 1296 in
447 1236 556 1298 aculeo
578 1234 703 1316 glandis
727 1235 825 1298 fnisse
854 1235 904 1316 (cl.
929 1255 961 1317 p.
980 1236 1020 1296 xl
1044 1233 1183 1316 prino),
1217 1234 1319 1297 adieci
1343 1235 1497 1297 eiusmodi
1522 1235 1650 1316 formae,

310 1339 414 1419 qualis
438 1337 505 1400 lere
535 1338 633 1400 luisse
655 1337 811 1417 videatur,
843 1339 1010 1418 imaginem
1035 1357 1052 1398 a
1076 1356 1126 1398 me
1153 1335 1288 1398 effictam
1316 1335 1379 1419 (lig.
1399 1337 1462 1418 444).
1517 1340 1578 1400 Vir
1607 1349 1655 1401 est

311 1439 396 1520 quod
411 1458 565 1520 moneam,
592 1449 655 1502 torn
678 1441 711 1502 in
735 1440 939 1520 illiusquam
964 1441 996 1502 in
1019 1442 1114 1502 huius
1138 1441 1198 1500 ima
1215 1450 1316 1520 parte,
1344 1441 1376 1502 in
1400 1459 1461 1520 qua
1485 1441 1547 1502 duo
1571 1439 1654 1502 lora-

311 1545 397 1605 mina
420 1562 436 1604 e
458 1543 594 1624 exempli
619 1545 718 1624 gratia
742 1541 889 1620 exhibui,
916 1543 1078 1624 singulare
1102 1542 1249 1605 sulficere
1273 1544 1305 1604 in
1328 1542 1432 1604 media
1455 1554 1544 1624 parte
1569 1545 1656 1606 inse-

312 1645 459 1708 rendum.
486 1681 525 1692 -
553 1643 661 1708 Asculi
692 1644 733 1708 ad
766 1655 887 1726 portam
921 1647 1078 1726 geminam
1108 1647 1277 1707 itomanam
1307 1655 1339 1708 64
1362 1645 1521 1708 lornaoem
1551 1657 1582 1708 64
1606 1647 1657 1708 in-

311 1759 485 1812 strumenta
508 1747 672 1830 glandium
695 1747 948 1811 fabricandamm
973 1749 1102 1810 inventa
1126 1767 1195 1810 esse
1219 1747 1336 1810 lerunt.
1385 1749 1475 1822 Quod
1498 1751 1525 1810 si
1548 1759 1653 1811 tamen

311 1871 423 1914 verum
447 1861 508 1932 est,
535 1853 593 1914 hoo
616 1861 738 1914 constat
760 1870 797 1914 aa
821 1853 1031 1914 instrumenta
1054 1871 1158 1932 neque
1182 1871 1199 1913 a
1222 1870 1381 1932 quoquam
1404 1851 1562 1934 descripta
1585 1871 1655 1914 esse

311 1973 416 2034 neque
438 1953 494 2016 ubi
517 1973 603 2017 nuno
625 1964 760 2034 exstent,
787 1955 945 2036 explorari
960 1955 1110 2036 potuisse,
1136 1955 1251 2036 ligulas
1273 1964 1377 2017 autom
1400 1956 1546 2030 aheneas,
1573 1974 1655 2035 quae

311 2057 461 2120 dicuntur
491 2056 564 2119 inde
595 2059 783 2138 provenire,
820 2056 923 2120 iraudi
955 2057 1097 2119 noviciae
1127 2055 1250 2120 deberi.
1313 2056 1391 2120 Vide
1421 2076 1504 2138 quae
1535 2057 1575 2120 de
1605 2057 1654 2118 his

311 2159 377 2222 dixi
401 2181 433 2242 p.
451 2162 468 2221 6
486 2179 534 2240 sq.

397 2265 506 2326 Forma
529 2281 586 2325 sua
602 2261 778 2326 Asculanos
800 2261 931 2344 glandes
947 2263 1100 2326 differunt
1122 2284 1140 2326 a
1157 2263 1297 2342 Graecis,
1322 2262 1499 2325 minoribus
1514 2263 1656 2344 plerum-

312 2385 375 2446 que
405 2377 437 2428 et
466 2367 714 2447 elegantioribus
744 2375 777 2428 et
799 2366 881 2428 bene
903 2367 1136 2448 acuminatis1),
1171 2387 1188 2428 a
1217 2367 1337 2447 quibus
1366 2367 1510 2447 proxime
1539 2365 1656 2428 absunt

312 2469 434 2532 Pisonis
456 2467 588 2549 glandes
610 2467 746 2550 Siculae,
773 2470 867 2550 paulo
890 2470 1015 2551 longius
1035 2470 1256 2533 Perusinorum
1280 2467 1446 2550 quaedam,
1473 2487 1656 2531 6446444444

315 2570 357 2653 (n.
378 2571 428 2655 69)
455 2581 487 2634 et
509 2589 672 2634 nurus-rur
699 2571 741 2652 (n,
760 2573 811 2652 68)
840 2573 1022 2654 inscriptae.
1054 2575 1118 2634 llae
1141 2570 1324 2654 amygdalae
1347 2571 1460 2634 nucleo
1476 2582 1531 2633 aut
1554 2571 1652 2650 oleae,

311 2675 487 2737 Asculanae
517 2675 631 2755 prunis
660 2674 727 2736 lere
748 2677 869 2737 similes
891 2685 976 2755 sunt,
1008 2676 1214 2757 quamobrem
1236 2675 1332 2755 vulgo
1351 2693 1479 2757 prapao
1501 2675 1654 2755 appellari

311 2779 413 2840 solent
440 2776 602 2858 (Gabrielti
619 2777 702 2840 hott
720 2771 788 2840 ‹telt'
807 2779 883 2841 last.
904 2778 986 2840 4879
1003 2799 1035 2859 p.
1056 2779 1142 2860 494).
1183 2779 1333 2859 Reliquas
1356 2779 1525 2840 formarum
1549 2777 1655 2838 varie-

312 2890 403 2961 tates,
429 2899 508 2961 quas
531 2881 646 2944 multas
675 2881 758 2942 siout
780 2879 916 2944 Graecae
939 2883 982 2944 ita
1004 2882 1130 2943 Latinae
1158 2881 1291 2963 glandes
1314 2881 1480 2960 exhibent,
1514 2880 1654 2960 singulas

312 2985 343 3045 h.
377 2985 398 3044 l.
433 2982 613 3046 describere
647 2983 727 3045 nihil
761 2986 890 3065 attinet,
932 2986 1118 3066 praesertim
1147 3003 1219 3047 oum
1252 2985 1424 3048 multarum
1455 2983 1574 3065 figurae
1608 2993 1657 3045 ta-

312 3086 397 3148 bulis
419 3088 536 3148 nostris
565 3095 820 3167 repraesentatae
843 3088 916 3150 sint.
965 3087 1127 3167 Plerisque
1156 3087 1251 3150 binae
1273 3097 1348 3151 sunt
1371 3087 1547 3168 margines,
1573 3105 1655 3166 quae

313 3187 508 3270 respondent
530 3189 616 3252 binis
639 3187 809 3252 formarum
825 3189 987 3271 partibus;
1015 3189 1174 3270 margines
1197 3189 1262 3252 lere
1286 3189 1403 3252 desunt
1426 3189 1476 3267 iis,
1502 3209 1594 3269 quae,
1621 3199 1656 3250 ut

311 3293 411 3371 oleae,
436 3291 628 3354 orbiculatae
651 3293 778 3354 suntin
802 3301 892 3373 parte
915 3292 1028 3356 media.
1074 3293 1248 3354 Nonnullae
1271 3293 1438 3373 quaternis
1460 3291 1657 3372 marginibus

312 3393 344 3456 in
369 3403 539 3474 quaternas
570 3413 661 3456 areas
692 3395 775 3456 inter
804 3413 838 3456 se
869 3395 935 3457 lere
962 3393 1111 3474 aequales
1139 3393 1261 3456 divisae
1292 3403 1367 3456 sunt
1395 3393 1437 3472 (n.
1457 3395 1507 3456 46.
1528 3395 1580 3456 63.
1600 3393 1653 3454 66.

311 3498 364 3559 58.
383 3498 435 3558 69.
456 3499 519 3560 tot
534 3499 586 3560 66.
605 3497 658 3559 75.
677 3499 730 3560 80.
749 3499 802 3558 89.
822 3499 874 3558 99.
893 3499 946 3559 94.
965 3499 1017 3559 96.
1038 3496 1090 3558 97.
1112 3498 1183 3559 443.
1205 3497 1291 3577 448);
1319 3497 1415 3558 trium
1439 3517 1583 3560 arearum
1607 3506 1656 3559 est

311 3619 345 3662 n.
365 3601 405 3661 69
428 3619 465 3661 ao
487 3598 619 3662 tortasse
642 3609 718 3662 sunt
740 3601 780 3661 67
797 3609 830 3664 64
846 3601 897 3682 69,
924 3610 991 3662 octo
1013 3617 1158 3662 arearum
1181 3619 1214 3661 n.
1234 3601 1287 3660 94.
1334 3601 1513 3681 Singularis
1538 3601 1655 3662 lormae

311 3713 387 3766 sunt
409 3713 472 3766 tam
495 3721 527 3764 n.
547 3703 599 3765 99.
618 3703 670 3765 93.
690 3705 742 3784 99,
769 3723 852 3785 quae
875 3723 952 3766 sena
975 3703 1121 3766 acumina
1144 3701 1278 3783 habent,
1309 3721 1404 3782 quam
1427 3721 1461 3765 n.
1479 3703 1510 3764 6.
1531 3705 1583 3765 te.
1602 3700 1652 3764 49.

311 3807 365 3868 89.
386 3805 446 3868 497
467 3803 588 3888 (Addl,
614 3824 749 3886 quarum
772 3807 905 3868 alterum
928 3807 1011 3868 latus
1033 3806 1164 3887 planum
1187 3815 1246 3884 est,
1271 3805 1354 3866 siout
1370 3806 1402 3865 in
1417 3807 1523 3868 Sicula
1540 3808 1656 3868 Graece

312 3910 475 3989 inscripta,
502 3926 598 3988 quam
612 3905 790 3971 Antoninus
807 3910 931 3972 Salinas
953 3908 1053 3972 edidit
1069 3910 1101 3970 in
1117 3905 1233 3970 Annali
1246 3907 1314 3970 44644Ι
1330 3909 1407 3969 last.
1423 3907 1505 3968 4878
1519 3909 1583 3972 tab.
1600 3911 1621 3970 F
1637 3910 1656 3969 8

312 4020 392 4093 etp.
411 4013 464 4090 33,
482 4021 539 4073 aut
560 4009 638 4074 adeo
665 4011 707 4093 (n.
729 4009 800 4094 497)
820 4012 904 4074 latus
920 4021 1103 4093 utrumque.
1118 4013 1298 4074 -Formas
1313 4009 1476 4092 glandium
1493 4013 1657 4092 aptissime

312 4114 509 4177 avoteribus
532 4113 681 4176 confictas
705 4133 774 4178 esse
798 4135 838 4176 ex
860 4116 929 4196 ipsa
953 4133 1058 4177 rerum
1081 4123 1193 4176 natura
1218 4113 1445 4176 demonstravit
1459 4113 1657 4177 Godolredns

313 4221 446 4299 Semper
476 4239 505 4280 a.
533 4217 615 4279 4869
639 4216 750 4280 subtili
773 4219 935 4296 acumine3
969 4217 1008 4281 de
1025 4218 1136 4282 eadem
1166 4237 1200 4280 re
1222 4237 1327 4298 nuper
1349 4219 1497 4299 exposuit
1518 4217 1658 4278 lienatus

313 4322 458 4384 llerviler
473 4321 717 4402 Semperianum
733 4329 838 4383 4444644
861 4320 1004 4384 libellum
1021 4321 1170 4402 ignorans
1190 4319 1241 4402 (64.
1261 4321 1294 4382 in
1316 4319 1423 4382 lodice
1439 4321 1626 4398 auctorum).

399 4424 524 4487 Pondus
539 4425 589 4486 vel
607 4442 773 4486 mensuras
789 4425 1019 4505 per-multarum
1035 4425 1103 4486 suis
1126 4424 1202 4488 locis
1218 4422 1366 4486 adnotata
1382 4424 1535 4504 reperies.
1572 4423 1659 4484 Piso-

312 4529 427 4592 nianae
446 4527 489 4610 (n.
510 4529 537 4610 4)
564 4527 647 4590 sicut
666 4528 856 4590 Graecarum
879 4527 1052 4608 pleraeque
1076 4525 1191 4590 ceteris
1214 4526 1352 4588 minores
1374 4533 1450 4587 sunt
1472 4526 1609 4586 4446434
1627 4536 1658 4587 64

313 4633 354 4692 46
371 4651 418 4712 gr.
437 4629 625 4712 pendentes.
644 4665 687 4676 —
701 4629 878 4693 Asculacae
902 4631 1071 4710 CCXXXV,
1098 4649 1180 4710 quae
1196 4651 1212 4692 a
1229 4628 1322 4691 nobis
1345 4647 1426 4691 anno
1444 4629 1526 4688 4677
1550 4639 1658 4690 erutae

313 4743 397 4808 sunt,
430 4733 571 4814 pendent
595 4733 698 4796 44077
724 4753 772 4814 gr.
804 4730 1372 4816 (undepondusmediumeflicitur
1396 4731 1585 4813 t'l,1agr.);
1620 4730 1658 4790 iis

313 4847 516 4898 accesserunt
545 4835 628 4898 dnae
655 4835 775 4898 moduli
807 4855 914 4900 rarum
944 4839 978 4898 in
1002 4836 1129 4899 modum
1161 4838 1265 4918 magni
1288 4855 1351 4899 una
1376 4837 1436 4897 496
1461 4855 1522 4915 gr,
1560 4835 1658 4894 altera

315 4939 375 4999 476
392 4959 438 5020 gr.
465 4937 661 5020 pendentes,
692 4949 725 5000 et
747 4939 840 5002 tertia
864 4940 996 5002 minima
1018 4940 1058 5004 96
1076 4959 1123 5020 gr.
1150 4938 1293 5022 pendens
1317 4939 1367 5022 (64.
1391 4939 1474 5000 nott.
1493 4936 1561 4998 dell'
1579 4937 1654 4996 last.

315 5041 396 5103 4877
420 5063 453 5124 p.
473 5040 560 5123 476).
586 5077 629 5086 -
652 5043 822 5104 Perusinae
853 5043 984 5122 glandes
1013 5041 1136 5104 mediae
1166 5041 1232 5104 lere
1262 5051 1337 5105 sunt
1367 5042 1450 5102 inter
1476 5037 1598 5101 Siculas
1628 5047 1660 5098 et

314 5155 520 5164 ...a-—

385 5199 408 5260 4)
426 5196 565 5262 Plerisque
578 5197 743 5246 Graecarum
757 5194 844 5248 lorma
857 5200 898 5248 est
911 5197 988 5259 talis,
1001 5199 1033 5248 ut
1045 5199 1140 5260 sectio,
1151 5209 1222 5262 quae
1233 5195 1262 5247 tlt
1273 5209 1323 5261 per
1334 5207 1412 5245 axem
1425 5194 1570 5250 minorem,
1584 5190 1660 5242 exhi-

316 5283 377 5336 beat
396 5283 491 5336 orbem
505 5283 546 5334 461
566 5284 610 5334 ovi
629 5282 757 5346 liguranu
780 5284 806 5333 in
826 5285 921 5348 paucis
939 5283 1047 5334 rhombi
1066 5286 1112 5334 sut
1124 5283 1249 5347 quadrati
1267 5280 1420 5343 orthogonii
1433 5277 1518 5341 ligure
1532 5275 1657 5331 allicitur.
