3706 5976
614 565 658 614 nn
677 563 850 623 enmovsn
870 563 1028 614 pronitas.
1448 549 1490 620 11

149 752 404 837 3[=Corp.lll
427 753 610 836 n.6086,1]
651 775 717 830 rep.
741 775 770 814 a.
792 762 871 816 itii
902 758 982 830 apud
1003 759 1100 814 vicum
1124 757 1273 830 Corropoli
1300 759 1330 813 in
1358 760 1498 816 contrado

191 865 338 932 Petiooro,
371 865 470 920 vicum
487 862 634 920 Colonella
661 876 766 918 versus
793 862 848 917 sita
880 853 1054 936 [eodemque
1082 874 1158 916 anno
1181 865 1277 931 empta
1299 877 1316 916 a
1339 861 1496 918 Gabriellio

190 969 322 1024 venitin
344 981 477 1024 museum
499 965 674 1022 bsoulanum
697 980 727 1018 n.
748 956 856 1039 attat
882 991 925 1002 -
953 959 1093 1032 Robigine
1122 963 1196 1034 gilva
1226 961 1341 1020 obtecta
1370 971 1431 1030 est,
1466 971 1497 1020 ut

190 1071 253 1128 iere
275 1077 343 1126 sunt
364 1069 483 1142 glandes
505 1083 564 1128 non
585 1069 616 1124 in
637 1083 713 1138 aqua
736 1067 789 1124 sed
812 1069 942 1122 interra
965 1071 1108 1136 repertae.
1156 1064 1265 1121 Pendet
1290 1070 1327 1124 87
1351 1084 1396 1140 gr.

148 2581 295 2640 Tab.19.
343 2583 490 2654 Descripsi
517 2575 678 2658 (utsupra)
706 2583 917 2656 diligenterque
940 2598 1007 2640 cum
1029 2583 1186 2648 Gabriellio
1209 2586 1382 2642 examinavi.

234 2703 314 2761 Itali.
339 2732 383 2742 -
407 2703 437 2757 T.
462 2695 643 2780 dametrius)
661 2695 815 2781 pr(oetor).

234 2821 257 2878 rt
288 2823 424 2879 Romanis
460 2823 652 2895 scriptoribus
680 2823 776 2879 Italici
805 2829 947 2881 vocantur
980 2815 1061 2900 (vell.
1090 2829 1123 2892 t,
1153 2830 1189 2882 to
1214 2830 1243 2881 et
1267 2829 1321 2896 st,
1358 2825 1495 2896 periocha

147 2927 208 2982 biv.
228 2930 279 2982 it.
307 2929 357 2984 72.
385 2931 441 2996 76;
475 2925 582 2984 Asson.
608 2929 637 2982 in
660 2926 774 2983 Comei.
801 2943 831 2998 p.
859 2931 897 2984 73
923 2921 1002 3002 On),
1035 2943 1103 2984 cum
1126 2927 1231 2985 Graeci
1257 2929 1344 2986 modo
1364 2916 1496 2993 Ἰταλοὺς

153 3028 280 3098 (Diodor.
307 3029 452 3086 exevat.
478 3046 508 3101 p.
532 3035 607 3098 tt3,
642 3045 705 3084 exc.
731 3029 813 3087 Phot.
838 3047 869 3101 p.
890 3033 970 3098 oto;
1003 3029 1128 3102 Appian.
1154 3033 1166 3087 l
1196 3037 1288 3089 38.et
1313 3025 1376 3109 to),
1409 3032 1496 3090 modo

145 3117 318 3198 Ἰταλιώτας
339 3125 467 3208 (Diodor.
486 3133 548 3188 vat.
567 3149 597 3204 p.
621 3137 691 3190 tto.
714 3137 767 3190 tat
797 3139 826 3188 et
848 3132 929 3190 Phot.
955 3149 985 3205 p.
1008 3137 1067 3191 538
1094 3137 1171 3202 bt⁰;
1199 3133 1302 3192 Strabo
1327 3140 1343 3192 5
1368 3150 1399 3206 p.
1419 3138 1492 3198 atu

146 3235 221 3307 App.
244 3237 256 3292 l
281 3239 331 3293 37.
360 3231 408 3312 ta)
436 3235 592 3308 appellent.
640 3236 705 3292 Non
727 3237 818 3307 magis
839 3236 962 3292 tortasse
984 3237 1142 3306 scriptores
1168 3238 1199 3292 in
1221 3237 1337 3295 Corfinii
1360 3238 1496 3295 ltalorum

146 3341 248 3410 capitis
271 3340 387 3396 nomine
411 3341 540 3410 ipsorum
561 3354 648 3395 usum
669 3345 870 3408 servaverunt,
897 3355 964 3394 nam
986 3355 1040 3411 pro
1055 3339 1145 3396 Italic
1166 3335 1251 3415 (Osce
1270 3333 1397 3417 Piretis),
1417 3341 1496 3414 quod

148 3444 258 3499 nummi
289 3447 448 3511 testantur,
481 3441 519 3496 illi
551 3441 751 3513 praetulerunt
777 3442 882 3498 Italico
916 3433 1030 3516 (Strabo
1054 3447 1070 3500 5
1095 3458 1124 3512 p.
1146 3446 1202 3502 att
1232 3449 1261 3500 et
1282 3443 1356 3499 Vell.
1377 3449 1406 3512 2,
1429 3437 1492 3519 76).

147 3545 214 3612 Sed,
234 3543 331 3616 quode
346 3543 542 3600 Mommsenus
565 3545 685 3615 monuit,
712 3544 775 3600 fieri
795 3549 891 3616 potest
910 3551 942 3602 ut
956 3545 1046 3601 Italia
1066 3545 1103 3601 sit
1124 3545 1190 3614 dea,
1215 3545 1358 3618 appellata
1374 3563 1390 3602 a
1405 3552 1493 3613 terra,

149 3648 253 3704 Italico
276 3661 383 3703 nomen
404 3643 525 3704 urbis*

233 3750 294 3807 ltali
326 3749 489 3806 secundum
522 3749 682 3806 Diodorum
717 3741 790 3822 [exo.
817 3749 899 3806 Pbot.
924 3767 954 3822 p.
979 3755 1055 3818 5393
1094 3751 1132 3807 oi.
1163 3750 1267 3808 Strabo
1292 3755 1308 3808 b
1332 3768 1363 3823 p.
1384 3753 1438 3809 att
1461 3747 1490 3826 C)

147 3845 369 3930 ἐνομοθέτησαν
386 3839 440 3910 δύο
456 3843 509 3928 μὲν
532 3839 661 3916 ὑπάτους
676 3839 738 3908 κατ’
759 3839 894 3910 ἐνιαυτὸν
918 3845 1083 3931 αἱρεῖσθαι,
1111 3840 1231 3910 δώδεκα
1251 3844 1285 3910 δὲ
1301 3840 1492 3932 στρατηγούς,

149 3961 167 4014 i.
187 3974 214 4013 e.
239 3961 404 4029 praetores;
442 3956 539 4026 itaque
563 3955 667 4011 Herius
690 3953 806 4012 Asinius
833 3964 954 4028 praetor
981 3958 1211 4013 Marrucinorum
1241 3959 1270 4012 in
1293 3957 1432 4013 Periocha
1457 3961 1494 4016 73

27 4089 29 4094 ·
147 4067 175 4118 et
196 4061 308 4117 Vettius
334 4051 439 4134 (Scato)
463 4066 583 4132 praetor
604 4059 764 4116 Marsorum
786 4075 803 4114 a
825 4057 935 4114 Seneca
957 4059 1026 4116 ben.
1048 4065 1076 4129 3,
1098 4065 1148 4129 23,
1171 4063 1187 4116 5
1212 4059 1320 4116 diserte
1342 4067 1494 4118 vocantur.

147 4163 240 4220 Ceteri
269 4165 427 4232 scriptores
456 4161 584 4233 generali
606 4160 750 4219 vocabulo
774 4160 866 4219 duces
889 4161 1004 4230 dicunt,
1039 4178 1085 4218 ex.
1104 4179 1148 4234 gr.
1167 4163 1268 4220 Cicero
1291 4163 1363 4219 Phil.
1387 4167 1435 4230 tt,
1459 4168 1490 4220 tt
1523 4150 1526 4158 ’

148 4258 221 4342 §27
247 4272 276 4323 et
297 4265 424 4322 Velleius
448 4271 476 4334 2,
499 4271 549 4324 to.
929 4271 933 4279 '

233 4370 351 4426 Praetor
373 4369 420 4424 ille
443 4369 601 4436 sociorum,
629 4369 679 4440 qui
702 4367 753 4425 Cn.
780 4368 950 4438 Pompeium
972 4366 1146 4424 Strabonem
1168 4369 1255 4424 Firmi
1279 4365 1403 4436 obsedit,
1430 4383 1497 4424 mox

147 4479 245 4529 autem
267 4472 303 4530 ab
320 4489 356 4530 eo
376 4478 404 4528 et
420 4471 548 4544 Sulpicio
570 4487 665 4544 prope
686 4471 743 4528 hoc
766 4471 904 4544 oppidum
923 4475 1019 4527 victus
1042 4475 1087 4526 est
1107 4486 1301 4542 pugnansque
1324 4469 1441 4538 cecidit,
1468 4472 1497 4526 in

146 4575 268 4648 Appiani
291 4574 442 4632 codicibus
462 4581 586 4632 testante
606 4575 676 4631 mibi
695 4573 930 4632 Mendelssobnio
947 4575 1042 4646 capite
1061 4577 1098 4631 to
1115 4573 1234 4644 quidem
1257 4573 1394 4630 omnibus
1410 4563 1497 4637 Τίτος

143 4667 302 4758 Ἀφράνιος
324 4677 473 4748 scribitur,
492 4685 593 4736 contra
615 4695 642 4735 c.
665 4681 702 4734 tr
727 4680 791 4734 sine
813 4678 870 4734 ulla
887 4677 1080 4746 discrepantia
1096 4666 1130 4734 T.
1147 4663 1332 4755 Λαφρήνιος,
1352 4675 1497 4732 Candidus

147 4789 260 4852 autem,
287 4784 446 4854 quieti
470 4782 608 4856 Afroniae
634 4780 766 4850 exbibet,
790 4797 850 4838 non
872 4779 1005 4837 codicem
1027 4795 1113 4837 suum
1137 4795 1203 4836 esse
1224 4784 1344 4836 secutus
1369 4779 1493 4845 videtur,

148 4885 199 4941 sed
222 4885 259 4940 ed
281 4887 410 4957 priorem
432 4884 528 4942 locum
555 4899 609 4940 suo
631 4883 722 4943 Marte
751 4883 925 4940 correxisse.
972 4881 1057 4953 Apud
1081 4883 1196 4940 Florum
1221 4885 1249 4950 2,
1278 4887 1294 4938 6
1320 4882 1446 4956 afrienus
1468 4882 1497 4936 in

146 4985 353 5060 bambergensi
374 4986 509 5054 babetur,
536 4986 669 5060 afranius
691 4987 721 5040 in
736 4986 906 5042 Nazariano.
943 4987 1003 5042 lam
1024 4985 1079 5040 boo
1102 4984 1213 5055 glandis
1235 4985 1423 5055 inscriptione
1450 4976 1497 5058 (de

148 5093 231 5146 cuius
252 5092 418 5148 sinceritate
446 5105 504 5146 non
527 5087 613 5145 video
633 5104 691 5159 quo
715 5090 778 5143 iure
803 5089 957 5159 quisquam
988 5089 1098 5159 peritus
1121 5086 1254 5144 dubitare
1276 5081 1378 5163 possit)
1406 5085 1497 5143 doce—

146 5209 213 5249 mur
234 5195 332 5266 priore
355 5191 477 5264 Appiani
500 5193 582 5260 loco,
616 5197 648 5248 ut
670 5206 734 5248 mos
757 5197 801 5246 est
823 5189 949 5246 librariis
976 5189 1028 5248 ubi
1054 5192 1183 5260 primum
1205 5193 1299 5247 rarius
1321 5187 1496 5248 vocabulum

149 5299 291 5366 occurrit,
326 5303 494 5368 corruptum
525 5309 607 5364 esse,
640 5308 744 5352 verum
772 5299 869 5350 nutem
897 5308 1004 5351 nomen
1031 5293 1122 5351 tuisse
1147 5293 1179 5350 Τ.
1203 5294 1357 5368 dofrcoiue
1378 5308 1413 5349 ac
1435 5293 1498 5347 reri
