3772 5992
676 561 835 612 4444444444
854 560 1010 612 semaa.
1443 544 1511 616 121

325 763 667 838 ι444441444144444444444444444
683 769 772 812 440444
787 747 804 831 j(
819 768 949 811 imvm
968 757 1105 809 alaisario
1118 756 1288 816 translatum
1304 755 1338 808 cl.
1355 756 1513 807 Mortotsber.

378 851 444 898 4848
462 861 488 914 p.
502 851 534 898 18
553 848 580 897 44
597 859 679 912 supra
691 858 718 909 p.
734 844 776 908 08]
797 843 910 895 tortasse
935 845 1029 909 (parce
1045 844 1117 908 4414414
1138 842 1267 906 1144314144
1285 855 1311 907 p.
1328 845 1376 892 488
1395 841 1514 892 addens:

374 927 448 985 ‘Hier
465 935 512 984 444
533 946 597 984 mon
614 933 670 982 also
690 930 867 994 (1414444444,
893 931 935 981 cia
952 931 1040 982 444444
1063 929 1190 992 444444444
1211 927 1336 978 64444444
1360 926 1514 990 [4444441444

376 1020 449 1071 enim
463 1019 537 1082 Pocp
555 1017 707 1070 secundum
726 1029 869 1067 nummum
887 1016 987 1067 Oscum
1004 1017 1132 1066 incusum
1154 1013 1203 1078 444]
1229 1016 1277 1064 mit
1294 1013 1516 1077 41444441414444444

378 1106 486 1156 Pariter
504 1105 681 1168 4444414444
697 1116 733 1154 zu
748 1103 918 1166 verpteicbeo.

239 1220 273 1269 44
291 1230 374 1268 unam
392 1219 483 1266 tamen
502 1217 573 1266 444444·
590 1227 653 1266 suas
671 1214 783 1278 glandes
801 1215 943 1264 invenerat
955 1213 1086 1276 Berglrlus
1103 1212 1137 1274 (44.
1151 1211 1204 1274 84),
1224 1223 1315 1274 quam,
1331 1222 1394 1260 cum
1413 1210 1440 1259 in
1458 1221 1513 1258 uno
1578 1215 1586 1230 ·

169 1305 254 1356 latere
272 1303 337 1354 belli
350 1303 458 1353 Marsici
477 1302 683 1366 inscriptionem
700 1300 804 1364 [4444444
819 1295 970 1366 1444444441,
990 1299 1017 1348 in
1036 1299 1123 1348 altero
1136 1297 1291 1347 Perusinum
1313 1294 1341 1346 C.
1358 1290 1513 1360 (1444441441

169 1391 287 1455 4144444444
308 1387 464 1448 4444144444,ι
483 1387 518 1438 ob
536 1400 598 1438 eam
616 1387 703 1452 ipsam
721 1398 842 1446 causam,
863 1399 917 1450 qua
930 1384 1077 1434 Parisinam
1097 1385 1146 1432 404
1165 1383 1213 1445 lep.
1231 1381 1271 1430 Xl
1285 1382 1371 1430 divom
1389 1381 1484 1430 14444444
1502 1379 1516 1444 l(

172 1483 206 1534 ·>
223 1476 357 1536 4444114441
383 1473 573 1532 damnaverat,
600 1484 655 1522 non
678 1475 772 1535 posset
796 1483 851 1520 nou
869 1471 897 1520 in
915 1469 1102 1534 suspicionem
1120 1479 1229 1519 vocare.
1264 1465 1297 1516 Et
1315 1479 1382 1517 sana
1400 1465 1435 1515 da
1454 1466 1513 1515 eius

169 1559 224 1610 ilde
247 1558 446 1610 dubitationem
476 1557 615 1624 protessus
645 1559 702 1608 erat
727 1559 755 1606 in
778 1558 869 1622 priore
895 1556 1013 1606 editione
1036 1568 1063 1619 p.
1085 1559 1116 1604 ’10
1138 1552 1180 1616 [=
1198 1551 1241 1602 ed.
1257 1553 1279 1602 ll
1302 1565 1328 1616 p.
1342 1550 1409 1614 4801.
1454 1552 1514 1601 idox

167 1649 271 1707 tamen,
292 1657 325 1694 ne
343 1648 455 1710 propter
472 1643 544 1695 hanc
562 1656 646 1694 unam
664 1643 761 1694 ceteris
774 1643 832 1693 suis
845 1641 969 1693 eiusdem
981 1641 1095 1704 originis
1113 1637 1241 1690 omnibus
1259 1636 1326 1708 fides
1337 1636 1515 1700 abrogaretur

168 1731 275 1781 veritus
300 1728 343 1792 (oi.
363 1743 434 1794 quae
457 1729 580 1781 dixeram
598 1729 755 1781 Menoeten
771 1731 838 1778 4818
856 1741 883 1792 p.
898 1730 930 1776 ’18
955 1725 1006 1778 sub
1024 1725 1128 1788 11444444),
1152 1725 1181 1774 in
1205 1723 1248 1775 ed.
1264 1723 1348 1774 414444
1366 1736 1393 1787 p.
1409 1725 1458 1771 448
1472 1735 1512 1786 sq.

167 1816 304 1868 sententia
321 1818 424 1865 44444444
441 1815 577 1865 sinceram
595 1828 655 1866 esse
673 1813 819 1865 alflrmavit
836 1814 888 1864 bac
911 1812 1116 1863 ratiocinatione
1134 1822 1213 1861 usus:
1237 1810 1367 1860 entweder
1390 1809 1435 1858 4444
1451 1821 1515 1858 otoo

169 1903 209 1953 444
227 1901 275 1952 der
293 1901 458 1965 4444444444
477 1900 600 1952 Peneios
618 1904 693 1951 444444
716 1901 816 1951 littorea
835 1899 947 1962 Stempel
971 1911 1020 1948 444
1044 1899 1103 1948 dem
1121 1897 1282 1948 Marriscten
1300 1895 1395 1957 1444444
1418 1894 1516 1944 wieder

171 1987 285 2049 44444444,
307 1987 369 2037 odor
387 1987 428 2036 4444
447 1987 543 2036 atteras
559 1987 728 2050 4444444444
743 1985 866 2036 64444444
884 1997 933 2036 oua
944 1987 1024 2048 jener
1036 1983 1137 2046 Epoclte
1154 1984 1191 2032 444
1210 1980 1409 2031 semicoctae
1421 1979 1514 2042 Kriepe

169 2073 373 2137 unipestempelt.
417 2071 510 2135 Atqui,
541 2073 564 2121 si
588 2069 669 2120 ambo
693 2071 799 2134 glandis
823 2071 906 2121 latera
930 2071 1013 2121 simul
1035 2070 1130 2120 incusa
1161 2070 1238 2129 sunt,
1270 2066 1299 2116 441
1321 2064 1396 2129 quod
1419 2063 1516 2128 glande

170 2159 324 2208 examinata
344 2157 423 2207 unica
435 2169 532 2206 44444444
550 2169 611 2207 4444
629 2155 748 2207 intellexi
768 2157 856 2220 (nam,
877 2157 908 2206 ut
919 2155 1049 2219 Berglrius
1061 2157 1136 2206 recte
1153 2153 1358 2213 observaverat,
1374 2155 1421 2203 4144·
1433 2150 1515 2204 rivers

169 2245 204 2294 ist
221 2243 364 2306 obpeselten
381 2255 431 2292 4444
449 2240 555 2305 44444444
576 2243 630 2292 und
648 2242 720 2294 1144414
740 2243 836 2306 perede
853 2243 881 2292 44
899 2243 949 2292 dec
967 2242 1088 2301 Portica,
1114 2241 1155 2290 dte
1178 2241 1217 2289 444
1240 2240 1288 2290 der
1308 2239 1514 2302 contemperata

170 2343 215 2380 om
230 2331 339 2379 44444444
355 2327 491 2392 4444444444
506 2340 607 2387 wareo,
628 2327 759 2378 4444444444
776 2326 950 2388 4444444444),
972 2325 1040 2377 14444
1052 2324 1207 2376 damnanda
1220 2327 1262 2376 444
1278 2325 1355 2389 glans
1367 2324 1463 2374 eadem
1482 2338 1515 2374 444

171 2427 262 2476 causa,
282 2428 315 2464 ex
333 2427 387 2477 qua
406 2413 464 2478 ipso
482 2412 658 2463 damnaverat
669 2411 900 2475 Desjardinianas.
931 2411 978 2462 Sin
997 2409 1113 2462 diversis
1132 2410 1301 2476 temporibus
1319 2413 1346 2461 44
1363 2411 1418 2460 tam
1436 2411 1515 2460 caute

169 2501 287 2552 alterum
305 2499 376 2550 latus
394 2500 521 2549 incusum
540 2510 601 2549 esse
622 2510 703 2564 posse
714 2497 843 2562 Bergkius
856 2498 1032 2560 concesserit,
1051 2498 1082 2546 ut
1100 2497 1209 2548 alterius
1227 2497 1333 2547 litterae
1351 2507 1405 2546 non
1423 2495 1516 2544 laede-

170 2589 277 2646 rentur,
302 2589 360 2634 tum
385 2597 449 2634 vero
471 2585 582 2634 corruet
607 2585 661 2634 tota
683 2584 742 2634 eius
766 2583 936 2635 ratiocinatio
960 2583 1020 2646 illa,
1047 2596 1101 2648 qua
1120 2595 1187 2634 usus
1208 2583 1266 2634 erat
1290 2584 1386 2632 contra
1409 2581 1518 2644 1144444-

170 2672 296 2724 dinianas
314 2669 434 2735 glandes.

168 2838 221 2894 75·
242 2843 330 2908 [Corp.
345 2841 382 2892 lX
394 2837 470 2904 44811]
493 2844 595 2892 t-aaa
607 2839 719 2892 Carolus
732 2841 864 2892 Antonius
873 2825 969 2891 ltilani
978 2838 1211 2892 Francoiurtensis
1226 2837 1254 2899 (†
1264 2839 1340 2899 4888)
1361 2837 1396 2887 414
1409 2835 1514 2887 1144444144

205 2930 330 2980 institore
347 2927 428 2987 emit3
448 2939 484 2976 m.
501 2927 558 2978 lun.
576 2929 640 2976 4888
659 2928 767 2991 emptae
785 2929 849 2976 sunt
865 2939 929 2977 cum
942 2923 1151 2976 084444114νί4
1164 2922 1265 2987 liciling
1278 2924 1443 2986 negotiatore
1456 2922 1514 2972 tlo-

204 3014 370 3078 gontiaconsi
394 3011 539 3063 marcabus
561 3011 658 3062 XXXl.
684 3038 719 3047 —
744 3015 786 3063 84.
808 3014 839 3060 84
859 3012 889 3064 11.
909 3011 1073 3062 Hammeran
1091 3008 1127 3060 ab
1145 3009 1281 3072 lheringio
1304 3009 1514 3072 Mogonticcensi

205 3101 285 3162 emit;
305 3111 378 3150 nunc
396 3099 540 3150 servantur
557 3095 725 3148 Francolurti
744 3098 771 3147 in
790 3110 894 3148 museo.

239 3198 306 3254 corp.
409 3197 481 3240 Index
937 3196 1001 3248 corp.
1210 3193 1283 3234 index

168 3265 307 3322 ’1544444
345 3273 355 3318 4
404 3269 453 3318 ct
868 3263 919 3319 75*
940 3265 1006 3317 ras*
1026 3269 1055 3316 44
1101 3247 1318 3324 4444444·

344 3341 359 3386 a
404 3338 454 3388 444
1025 3340 1057 3385 44
1102 3335 1165 3384 rie

344 3409 358 3455 8
404 3407 644 3470 4181444448
1026 3408 1057 3453 to
1101 3402 1271 3462 118-4-448

344 3477 357 3524 4
404 3476 594 3536 4444444
1026 3476 1055 3521 44
1102 3471 1273 3532 4444444

344 3546 358 3592 4
404 3543 453 3591 44
1026 3544 1057 3591 44
1102 3541 1169 3589 ras

344 3615 358 3660 4
404 3613 468 3662 444

345 3683 358 3728 4
404 3679 455 3729 ua

345 3752 359 3798 s
404 3751 463 3797 444

345 3819 359 3864 s
403 3817 460 3864 444

328 3888 358 3932 44
404 3884 454 3933 va

328 3957 355 4000 44
402 3953 467 4002 444

329 4025 359 4069 44
404 4021 467 4070 444

329 4093 358 4137 44
404 4091 591 4151 4444444

1025 3613 1057 3658 to
1101 3609 1162 3657 444

1025 3681 1056 3726 44
1101 3679 1168 3727 Aac

1024 3751 1053 3794 44
1103 3745 1164 3795 Fra

1025 3817 1057 3862 44
1102 3814 1164 3862 444

1026 3882 1288 3943 4444444444

1025 3955 1056 4000 44
1102 3949 1152 3999 Ha

1024 4022 1056 4069 44
1102 4019 1163 4068 rte

173 4195 276 4242 4-8444
294 4192 430 4256 Descripsi
449 4195 475 4243 et
492 4193 595 4243 contuli
608 4205 633 4243 a.
648 4193 712 4241 4818
726 4194 754 4240 44
767 4195 842 4242 4884.
861 4216 897 4225 -
915 4189 1043 4252 Bergkius
1055 4187 1097 4240 bis
1110 4187 1197 4239 edidit
1208 4199 1271 4246 cum
1290 4186 1515 4252 praecedentibus

172 4281 203 4329 ut
226 4277 370 4342 genuinas,
397 4281 584 4328 memorantur
608 4279 634 4326 in
662 4275 770 4340 Gototop
793 4277 840 4326 der
863 4275 1016 4339 Sommtaop
1040 4275 1134 4324 1441444
1152 4277 1216 4324 4883
1242 4287 1268 4338 p.
1285 4277 1333 4322 448
1358 4287 1386 4324 n.
1402 4273 1460 4322 444.
1480 4299 1515 4308 -

173 4366 216 4414 88.
236 4366 268 4414 at
287 4363 423 4428 Descripsi
441 4363 513 4427 Sept.
530 4364 606 4414 4884.

171 4529 224 4586 76*
245 4533 333 4598 [corp.
348 4529 476 4597 1147804]
510 4535 574 4582 t-i
599 4532 752 4596 lheringius
776 4532 1002 4596 Mogontiacensis
1025 4530 1149 4582 vendidit
1174 4544 1198 4580 a.
1221 4533 1287 4580 4848
1312 4541 1407 4580 museo
1424 4529 1516 4578 00444-

207 4619 329 4672 badensi.
354 4646 389 4655 -
412 4622 495 4669 4-48
515 4617 674 4682 Mogontiaci
694 4616 764 4668 aliae
786 4619 814 4668 in
833 4630 938 4680 museo,
959 4617 1026 4669 aliae
1044 4616 1118 4682 apud
1136 4615 1310 4678 thoringium,
1332 4615 1380 4678 qui
1397 4613 1463 4664 emit
1480 4611 1514 4662 ab

206 4704 302 4755 eodem
322 4705 429 4756 1141444144
449 4705 486 4766 (v.
500 4703 535 4754 ad
555 4700 624 4765 itii).

242 4803 306 4856 corp.
514 4803 585 4844 Index

170 4869 308 4925 'illitus'
345 4881 354 4925 4
403 4875 575 4936 145-4-448

344 4949 358 4994 8
403 4945 457 4994 inc.
473 4943 533 4993 tect.
550 4945 580 4991 84

345 5017 358 5062 ³
404 5012 469 5061 Tan

345 5084 358 5130 t
403 5081 591 5142 stt-t-Ptt

344 5155 359 5199 5
404 5149 466 5198 ita

345 5221 359 5267 8
404 5217 467 5266 Fls

345 5291 359 5335 7
405 5285 467 5335 sta

939 4803 1004 4853 corp.

869 4867 920 4924 76*
939 4873 1005 4922 7³9*
1042 4876 1056 4921 li
1101 4872 1119 4921 F
1134 4873 1165 4920 ta

1108 4800 1180 4842 ludex

1042 4945 1056 4989 9
1101 4941 1165 4988 1³2³

1026 5012 1056 5057 40
1102 5009 1162 5057 1484

1027 5081 1053 5126 44
1102 5079 1157 5127 1⁴2

1026 5150 1058 5194 ts
1104 5146 1165 5195 ita

1026 5218 1056 5263 44
1103 5214 1169 5263 litt

1027 5286 1056 5332 44
1103 5283 1153 5333 08
